1451 2719
345 291 661 343 sALLUS'Tn
692 303 1034 343 JUGURTHA.
1172 309 1223 344 65

140 415 270 455 Italiae
307 430 396 466 opes
440 430 607 453 maxume
646 417 853 461 adtriverat,
902 415 1107 459 Masinissa,
1154 430 1216 453 rex

138 481 394 526 Numidarum,
439 482 473 518 in
507 482 664 519 amicitia
696 492 865 532 receptus
897 495 918 518 a
953 481 996 518 P.
1033 481 1218 530 Scipione,

135 545 197 583 cui
233 555 364 596 postea
410 545 593 594 Africano
633 561 836 597 cognomen
875 560 919 583 ex
958 546 1093 582 virtute
1132 545 1216 590 fuit,

137 609 254 647 multa
271 620 310 648 et
329 610 514 660 praeclara
534 611 583 647 rei
614 611 776 647 militaris
795 609 956 647 facinora
976 608 1138 654 fecerat3
1167 610 1216 646 ob

137 688 246 724 quae,
261 676 366 713 victis
382 675 758 726 Carthaginiensibus,
774 684 810 711 et
826 682 937 724 capto
955 674 1140 724 Syphace,
1155 688 1219 710 cu-

129 741 192 792 jus
204 739 239 776 in
254 739 388 777 Africa
404 754 576 790 magnum
591 749 701 789 atque
716 738 788 776 late
803 739 996 788 imperium
1011 738 1136 781 valuit,
1152 752 1218 787 po-

136 803 246 853 pulus
281 804 483 847 Romanus,
515 817 764 854 quascumque
796 803 894 839 urbis
914 811 952 839 et
972 816 1080 854 agros
1111 815 1217 838 manu

136 877 299 918 ceperat,
328 869 406 920 regi
425 869 522 905 dono
544 868 658 904 dedit.
718 867 842 919 Igitur·
861 867 1020 904 amicitia
1048 865 1219 904 Masinis-

137 945 195 969 sae
226 933 323 969 bona
352 941 463 982 atque
494 932 646 969 honesta
675 931 778 968 uobis
811 931 1039 981 permansit:
1079 931 1218 981 imperii

137 995 304 1046 vitaeque
323 998 399 1047 ejus
425 996 504 1032 finis
524 996 618 1032 idem
640 995 723 1032 fuit.
783 996 881 1032 Dein
903 995 1075 1044 Micipsa,
1108 995 1216 1038 filius,

136 1073 292 1110 regnum
325 1059 422 1096 solus
457 1060 632 1103 obtinuit,
672 1059 924 1096 Mastanabale
963 1069 1000 1096 et
1040 1059 1217 1103 Gulussa,

136 1122 327 1167 fratribus,
349 1124 495 1161 Vmorbo
533 1123 721 1160 absumtis.
815 1124 851 1160 Is
872 1123 1144 1160 ‘Adherbalem
1180 1133 1219 1160 et

137 1185 390 1236 Hiempsalem
409 1201 455 1223 ex
482 1201 558 1223 sese
588 1187 743 1238 genuit3
772 1188 1082 1238 Jugurthamque,
1117 1187 1221 1225 Mas-

135 1250 327 1295 tanabalis,
342 1250 478 1295 fratris,
498 1250 626 1295 filium,
647 1265 754 1301 quem
775 1251 980 1296 Masinissa,
1005 1252 1104 1302 quod
1118 1262 1221 1290 ortus

135 1330 182 1354 ex
201 1316 405 1354 concubina
419 1325 510 1360 erat,
530 1315 712 1366 privatum
727 1316 934 1366 reliquerat,
953 1317 1082 1354 eodem
1102 1317 1219 1361 cultu,

137 1395 213 1432 quo
231 1381 366 1419 liberos
387 1395 486 1426 suos,
508 1380 607 1418 dorni
626 1380 769 1418 habuit.

191 1511 266 1548 VI.
298 1512 403 1561 Qui,
434 1509 501 1547 ubi
525 1511 679 1561 primum
699 1509 872 1554 adolevit,
902 1510 1042 1560 pollens
1073 1511 1220 1556 viribus,

140 1575 277 1613 decora
291 1574 397 1619 facie,
415 1575 478 1612 sed
497 1575 614 1612 multo
635 1588 801 1611 maxume
812 1574 962 1625 ingenio
978 1574 1130 1620 validus,
1150 1589 1220 1612 non

140 1655 177 1678 se
197 1640 286 1678 luxu
319 1654 437 1690 neque
471 1640 618 1677 inertiae
649 1639 956 1689 corrumpendum
983 1639 1116 1685 dedit3
1145 1641 1221 1684 scd,

138 1706 194 1743 uti
212 1719 291 1743 mos
304 1705 427 1757 gentis
442 1704 536 1742 illius
551 1714 620 1748 est,
637 1705 813 1754 equitare,
829 1703 994 1755 jaculari,
1015 1718 1122 1741 cursu
1138 1718 1223 1742 cum

136 1770 349 1821 aequalibus
378 1780 544 1807 certare:
576 1779 628 1813 et,
659 1782 743 1806 cum
772 1768 889 1805 omnis
920 1767 1036 1819 gloria
1055 1769 1220 1813 anteiret,

137 1835 306 1873 omnibus
321 1844 441 1872 tamen
458 1836 562 1872 carus
577 1848 652 1871 csse
668 1849 677 1871 :
713 1833 759 1870 ad
778 1833 849 1870 hoc
869 1832 1041 1882 pleraque
1056 1842 1222 1883 tempora

136 1899 174 1937 in
190 1900 352 1938 venando
368 1913 489 1952 agere,
509 1899 650 1936 leonem
665 1907 775 1949 atque
790 1897 874 1934 alias
888 1896 982 1934 feras
992 1898 1142 1947 primus,
1158 1908 1222 1936 aut

136 1964 173 2002 in
185 1964 325 2014 primis,
341 1963 447 2002 ferire
465 1979 473 2002 :
496 1963 693 2014 plurimum
713 1962 846 2007 facere,
866 1962 1063 2000 minumum
1082 1962 1157 2013 ipse
1178 1964 1223 2001 de

138 2042 176 2066 se
190 2028 304 2079 loqui.
349 2029 497 2079 Quibus
516 2029 624 2065 rebus
644 2027 805 2077 Micipsa
820 2027 966 2064 tametsi
985 2026 1088 2064 initio
1108 2027 1224 2065 laetus

138 2091 272 2138 fuerat,
305 2078 532 2132 exiistumans
564 2092 737 2129 virtutem
770 2092 793 2130 J
797 2091 979 2143 ugurthae
1011 2106 1125 2143 regno
1159 2106 1223 2129 suo

138 2157 276 2209 gloriae
296 2157 375 2196 fore
393 2175 404 2205 ;
434 2168 570 2203 tamen,
597 2165 795 2207 postquam
815 2157 998 2195 hominem
1017 2157 1225 2194 adolescen-
