1451 2719
508 253 808 290 INDEX.
1115 254 1193 291 239

174 363 352 415 juratione
374 362 569 412 patefacta,
589 363 735 401 consilia
750 371 957 400 exsecratur
973 365 1033 400 38.
1055 362 1193 399 exerci-

178 437 238 465 tus
258 437 413 478 quantus
434 431 497 465 553.
512 428 652 464 servitia
673 428 835 478 repudiat
851 429 894 465 ib.
917 429 1022 465 verba
1041 427 1127 464 facit
1146 428 1193 464 ad

178 493 308 530 milites
325 496 388 536 5t,
406 497 476 530 ἃς.
493 493 605 530 aciem
622 493 765 530 instruit
782 496 844 530 56.
863 491 1007 529 fortiter
1027 505 1193 543 pugnans

176 556 387 594 confoditur
407 560 470 597 57.

126 621 278 658 Catonis
296 621 413 658 oratio
433 630 470 658 et
492 622 668 659 sententia
686 622 731 658 de
749 621 943 673 conjuratis
975 624 1038 664 4⁴6,
1074 626 1143 659 &c.
1174 635 1194 658 a

178 695 303 722 senatu
324 687 586 735 comprobatur
606 689 668 723 50.
699 695 824 723 natura
842 695 879 722 et
909 699 1024 722 mores
1045 689 1108 730 51,
1129 687 1192 724 52.

125 749 281 788 Catulus
300 750 445 787 Caesari
466 749 623 787 infensus
645 753 706 788 39.
737 763 757 786 a
789 749 947 787 Catilina
970 749 1108 787 litteras
1136 763 1196 787 ac-

177 814 266 863 cipit
288 816 350 850 23.

126 879 326 928 Cocparius
345 893 388 915 ex
410 879 497 915 urbe
517 877 683 929 profugit
705 882 766 917 36.

127 944 316 994 Cethegus
335 953 465 993 captus
485 942 638 980 familiae
650 952 759 993 atque
774 942 985 979 libertorum
1005 956 1112 993 opem
1132 944 1201 981 im·

179 1006 297 1056 plorat
318 1010 379 1044 40.

128 1071 328 1109 Character
357 1069 533 1108 Catilinae
563 1072 600 1107 4.
642 1072 693 1120 Q.
725 1070 828 1107 Curii
864 1073 923 1109 19.
966 1071 1200 1121 Semproniae

180 1137 243 1172 20.
273 1135 388 1185 plebis
411 1135 596 1171 Romanae
619 1137 681 1171 30.
711 1133 862 1171 Catonis
894 1143 932 1171 et
953 1135 1113 1172 Caesaris
1133 1139 1199 1180 51,

182 1202 244 1237 52.
274 1198 426 1236 Aemilii
448 1198 575 1236 Scauri
596 1200 659 1238 77.
689 1199 895 1249 Jugurthae
919 1208 956 1236 et
975 1200 1200 1239 Adherbalis

182 1265 244 1301 82.
275 1262 462 1313 Calpurnii
483 1262 627 1299 Bestiae
657 1265 719 1301 89.
764 1263 809 1301 C.
843 1263 954 1301 Marii
987 1267 1074 1310 124,
1113 1267 1199 1304 125.

182 1326 325 1364 Metelli
356 1327 442 1370 105,
467 1329 554 1370 106,
580 1327 666 1366 107.
698 1325 818 1365 Sullae
842 1329 933 1367 157.

129 1391 260 1430 Cicero
279 1404 362 1428 cum
384 1390 555 1427 Antonio
575 1389 714 1434 consul,
742 1390 853 1427 homo
874 1405 986 1429 novus
1007 1395 1070 1431 20.
1116 1393 1203 1430 Ful-

181 1455 257 1492 viae
275 1464 313 1492 et
333 1454 434 1492 Curii
448 1467 558 1503 opera
573 1453 751 1492 Catilinae
763 1455 910 1492 consilia
925 1465 962 1493 et
977 1456 1120 1493 insidias
1140 1457 1204 1494 de-

182 1518 278 1570 tegit
298 1520 360 1556 23.
404 1517 676 1568 Allobrogibus
706 1518 750 1554 de
781 1521 975 1570 conjuratis
1007 1521 1202 1570 prodendis

182 1591 378 1633 praecepta
396 1582 459 1618 dat
480 1584 542 1619 33.
572 1584 780 1632 conjuratos
799 1584 844 1620 ad
873 1597 908 1620 se
941 1585 1133 1622 accersitos
1166 1587 1202 1622 in

182 1647 307 1683 aedem
325 1645 552 1684 Concordiae
570 1645 688 1682 venire
704 1646 824 1696 jubet,
845 1661 919 1697 quo
940 1657 1102 1685 senatum
1117 1663 1204 1686 con-

181 1721 288 1747 vocat
309 1713 370 1748 36.

132 1776 235 1814 Cirta
254 1789 274 1812 a
293 1776 315 1814 J
319 1774 480 1826 ugurtha
498 1774 687 1812 obsidetur
708 1777 769 1812 84.
799 1783 836 1812 et
855 1776 887 1812 ei
906 1776 1065 1814 traditur
1085 1778 1148 1819 87.

132 1841 323 1893 Conjurati
347 1843 406 1878 13.
436 1840 593 1876 humano
622 1840 794 1890 sanguine
808 1841 1059 1891 jusjurandum
1092 1841 1205 1880 sanci.

186 1914 251 1943 unt
276 1909 335 1944 19.
366 1904 464 1955 capti
484 1904 530 1940 ad
549 1912 710 1941 senatum
730 1904 915 1941 ducuntur
935 1908 997 1943 36.
1027 1905 1062 1942 in
1082 1919 1204 1944 carce-

187 1986 222 2008 re
242 1979 415 2008 necantur
434 1971 496 2008 52.

135 2035 338 2080 Cornelius,
357 2048 481 2085 eques,
505 2034 550 2071 ad
565 2033 780 2073 Ciceronem
799 2035 1041 2089 occidendum·
1056 2050 1202 2088 operam

187 2113 286 2141 suam
304 2098 498 2150 pollicetur
518 2099 582 2143 22,
603 2099 666 2136 23.
