1451 2719
556 473 601 511 C.
633 473 820 510 CRISPI

352 601 1024 654 SALLUSTII

440 761 596 786 BELLUM
627 761 925 786 CATILINARIUM·

526 888 849 907 Ὦ*-

146 939 368 1018 OMNIS
389 979 550 1017 homines
571 981 632 1030 qui
648 994 722 1018 sese
738 980 886 1017 student
901 987 1082 1029 praestare
1094 975 1223 1013 ceteri&

143 1044 368 1088 animalibus,
397 1057 534 1081 summa
552 1059 622 1094 ope
660 1045 724 1081 niti
745 1044 864 1087 decet,
893 1043 1002 1079 vitam
1022 1040 1161 1078 silentio
1181 1053 1226 1076 ne

148 1116 343 1152 transeant,
372 1107 482 1144 veluti
503 1121 648 1157 pecora,
679 1121 770 1157 quae
799 1116 926 1145 natura
958 1120 1084 1156 pmna,
1112 1113 1224 1154 atque

147 1171 264 1208 ventri
283 1171 503 1216 obedientia,
519 1171 636 1208 finxit.
670 1171 744 1208 Sed
759 1180 881 1208 nostra
900 1169 1015 1206 omnis
1034 1169 1085 1206 vis
1100 1168 1135 1205 in
1151 1168 1226 1204 ani-

147 1249 208 1272 mo
228 1244 266 1273 et
285 1249 437 1286 corpore
457 1236 548 1273 sita:
579 1235 686 1273 animi
704 1236 869 1286 imperio,
899 1234 1060 1285 corporis
1080 1234 1226 1271 servitio

149 1300 265 1351 magis
285 1300 422 1337 utimur
439 1315 448 1337 ς
480 1300 632 1337 alterum
652 1301 756 1337 nobis
775 1314 859 1337 cum
875 1301 944 1343 dis,
969 1299 1122 1336 alterum
1141 1312 1225 1336 cum

147 1363 278 1402 belluis
296 1377 488 1401 commune
507 1374 575 1401 est.
637 1365 723 1415 Quo
743 1365 830 1401 mihi
850 1365 981 1402 rectius
1002 1364 1143 1401 videtur
1174 1363 1228 1400 in-

149 1428 261 1480 genii,
274 1441 382 1478 quam
397 1428 537 1473 virium,
550 1429 681 1478 opibus
694 1429 846 1480 gloriam
861 1443 1050 1479 quaerere3
1064 1438 1117 1473 et,
1134 1443 1227 1479 quo-

149 1492 242 1529 niam
261 1492 335 1530 vita
363 1492 454 1542 ipsa,
486 1506 558 1542 qua
591 1491 757 1537 fruimur,
783 1493 900 1530 brevis
918 1503 987 1537 est,
1020 1493 1227 1530 memoriam

149 1557 264 1595 nostri
284 1570 392 1607 quam
412 1570 579 1594 maxume
598 1556 746 1608 longam
763 1557 918 1594 efficere.
977 1557 1073 1595 Nam
1085 1557 1229 1602 divitia—

149 1634 231 1659 rum
248 1630 286 1658 et
304 1620 441 1658 formae
461 1620 577 1671 gloria
597 1621 695 1657 fluxa
709 1629 818 1671 atque
830 1620 986 1672 fragilis3
1008 1620 1119 1658 virtus
1132 1620 1228 1657 clara

149 1694 369 1735 aeternaque
387 1685 554 1722 habetur.
605 1685 678 1723 Sed
693 1685 754 1722 diu
769 1699 941 1737 magnum
955 1685 1049 1722 inter
1067 1684 1227 1722 mortalis

147 1758 331 1787 certamen
352 1748 437 1793 fuit,
467 1749 546 1786 vine
579 1748 755 1799 corporis,
784 1763 828 1786 an
858 1750 992 1787 virtute
1024 1749 1145 1793 animi,
1172 1763 1228 1786 res

148 1813 312 1851 militaris
331 1814 447 1865 magis
466 1813 691 1863 procederet.
735 1813 831 1851 Nam
850 1823 887 1850 et
906 1813 1018 1864 prius,
1047 1827 1156 1863 quam
1175 1813 1229 1849 in-

149 1877 276 1928 cipias,
305 1877 504 1923 consulto;
532 1886 583 1921 et,
614 1878 676 1914 ubi
704 1877 939 1922 consulueris,
967 1886 1106 1915 mature
1125 1877 1227 1914 facto

150 1957 246 1994 opus
265 1952 333 1981 est.
382 1944 442 1980 Ita
462 1952 656 1993 utrumque
672 1956 736 1993 per
755 1956 790 1980 se
808 1942 986 1994 indigens,
1006 1942 1159 1980 alterum
1177 1941 1228 1978 al-

153 2008 279 2053 terius,
297 2007 431 2046 auxilio
451 2016 549 2060 eget.

207 2136 267 2176 11.
316 2138 479 2178 Ianua
494 2137 598 2177 initio
613 2150 717 2189 reges
733 2138 836 2191 (nam
847 2138 883 2178 in
899 2137 1003 2178 terris
1013 2151 1144 2177 nomen
1161 2137 1230 2176 ima

660 2202 704 2240 A
