1497 2689
183 325 239 361 64·
385 306 700 359 sALLUSTu
729 314 1072 359 JUGURTHA.

185 434 256 470 vim
286 433 321 470 in
361 447 435 470 sese
479 432 639 477 habere;
687 432 750 469 sed
783 433 954 470 memoria
988 445 1107 469 rerum
1139 438 1262 482 gesta·⁴

185 511 264 534 rum
297 511 375 535 eam
405 497 584 533 flammam
611 496 769 547 egregiis
788 497 870 534 viris
898 498 933 534 in
954 506 1103 547 pectore
1124 509 1264 533 cresce·

186 577 237 607 re,
257 577 374 613 neque
394 562 493 612 prius
514 560 641 605 sedari,
663 575 772 610 quam
788 561 901 598 virtus
917 575 1041 598 eorum
1058 560 1189 598 famam
1209 568 1265 597 at·

184 641 255 677 que
289 626 440 678 gloriam
478 625 744 676 adaequaverit.
816 624 891 669 At,
911 637 1051 669 contra,
1089 625 1170 674 quis
1207 633 1263 660 est

183 691 343 728 omnium
382 691 436 728 his
469 690 642 733 moribus,
680 689 767 738 quin
801 689 936 725 divitiis
970 697 1005 726 et
1042 689 1262 738 sumptibus,

182 770 253 791 non
284 756 467 804 probitate
497 768 613 803 neque
627 752 817 797 industria,
848 766 931 789 cum
961 753 1155 804 majoribus
1187 752 1259 789 suis

183 820 411 857 contendat?
439 819 548 855 etiam
577 818 740 854 homines
772 817 868 862 novi,
901 818 963 868 qui
983 827 1087 855 antea
1111 832 1177 867 per
1195 819 1265 854 vir-

182 893 299 920 tutem
332 882 427 919 soliti
456 889 557 918 erant
577 880 806 918 nobilitatem
830 882 1048 925 antevenire,
1079 881 1206 918 furtim
1225 891 1263 919 et

183 962 249 997 per
267 947 456 983 latrocinia
476 945 599 995 potius
621 948 754 995 [quam
774 946 878 982 bonis
899 946 1061 993 artibus]
1086 945 1132 982 ad
1151 942 1267 995 impe-

182 1014 233 1049 ria
263 1023 300 1049 et
331 1013 486 1048 honores
517 1011 712 1048 nituntur:
743 1010 894 1060 proinde
916 1010 1017 1059 quasi
1037 1019 1207 1059 praetura
1226 1016 1264 1047 et

183 1077 405 1120 consulatus,
426 1086 536 1125 atque
552 1075 619 1112 alia
635 1076 755 1112 omnia
769 1075 1034 1127 hujuscemodi,
1050 1089 1116 1125 per
1130 1090 1166 1112 se
1186 1076 1264 1126 ipsa

183 1143 278 1179 clara
293 1141 559 1193 magnificaque
573 1140 656 1184 sint,
686 1153 727 1176 ac
741 1154 811 1176 non
828 1139 976 1189 perinde
989 1140 1204 1184 habeantur,
1221 1147 1262 1177 ut

182 1220 321 1250 eorum,
343 1205 405 1255 qui
426 1205 617 1248 sustinent,
637 1205 750 1240 virtus
770 1212 837 1240 est.
869 1204 1008 1240 Verum
1031 1218 1103 1255 ego
1115 1203 1263 1240 liberius

183 1272 363 1321 altiusque
398 1269 571 1321 processi,
596 1269 683 1306 dum
711 1283 767 1306 me
802 1268 959 1305 civitatis
988 1282 1130 1306 morum
1156 1269 1262 1320 piget

182 1337 380 1386 taedetque
399 1350 408 1372 :
440 1348 535 1371 nunc
556 1333 602 1371 ad
621 1334 810 1383 inceptum
828 1332 954 1370 redeo.

235 1466 285 1502 V.
318 1465 502 1502 BELLUM
527 1463 729 1512 scripturus
749 1476 842 1506 sum,
871 1461 971 1511 quod
1001 1461 1161 1511 populus
1183 1461 1263 1499 Ro-

181 1543 307 1566 manus
340 1543 424 1565 cum
454 1527 654 1578 Jugmha‚
696 1540 782 1577 rege
820 1525 1076 1570 Numidarum,
1121 1526 1263 1577 gessit:

180 1595 352 1644 primum,
381 1592 465 1642 quia
498 1604 671 1642 magnum
691 1599 728 1627 et
761 1599 882 1635 atrox,
910 1590 1079 1640 variaque
1098 1590 1265 1635 victoria,

180 1658 279 1696 fuit:
311 1657 407 1701 dein,
437 1656 522 1706 quia
541 1665 620 1692 tum
652 1655 810 1705 primum
841 1656 1030 1705 superbiae
1058 1655 1261 1693 nobilitatis

181 1723 325 1760 obviam
346 1722 438 1758 iturn
458 1730 512 1757 est
531 1735 541 1765 3
572 1733 665 1770 quae
684 1719 872 1756 contentio
893 1720 1011 1756 divina
1042 1728 1079 1757 et
1107 1720 1264 1757 humana

182 1795 315 1825 cuncta
346 1784 573 1835 permiscuit,
615 1797 732 1834 eoque
765 1783 955 1820 vecordiae
987 1784 1179 1834 processit,
1208 1785 1268 1821 uti

182 1852 314 1889 studiis
334 1850 500 1888 civilibus
518 1847 655 1886 bellum
676 1856 787 1898 atque
811 1848 960 1885 vastitas
996 1847 1123 1887 Italiae
1156 1848 1265 1885 finem

181 1918 332 1954 faceret.
393 1915 480 1959 Sed,
509 1914 721 1964 priusquam
754 1912 1006 1964 hujuscemodi
1039 1912 1089 1949 rei
1121 1912 1265 1950 initium

181 1981 353 2032 expedio,
382 1993 498 2029 pauca
518 1991 625 2028 supra
644 1986 831 2027 repetam3
862 1991 936 2027 quo
960 1978 1006 2014 ad
1039 1991 1265 2029 cognoscen-

186 2048 275 2084 dum
302 2044 421 2081 omnia
440 2042 593 2080 illustria
613 2041 741 2093 magis,
762 2042 951 2093 magisque
965 2042 1000 2078 in
1016 2051 1158 2092 aperto,
1177 2042 1262 2079 sint.

186 2111 291 2149 Bello
314 2109 455 2147 Punico
489 2106 663 2149 secunde,
697 2120 771 2156 quo
792 2106 866 2143 dux
906 2106 1263 2158 Carthaginiensium

186 2174 390 2220 Hannibal,
422 2181 507 2224 post
553 2171 843 2225 magnitudinem
894 2171 1047 2208 nominis
1088 2169 1264 2215 Romanis
