1451 2719
345 291 660 332 SALLUSTII
689 294 1029 334 JUGURTHA.
1143 297 1217 337 167

149 403 315 445 senatorii
346 404 494 448 ordinis,
526 406 741 455 quibuscum
770 407 935 444 mandata
966 406 1104 444 Bocchi
1130 420 1221 459 cog·

147 469 277 508 noscit.
336 469 492 521 Legatis
511 479 672 519 potestas
691 471 798 508 eundi
826 472 981 509 Romam
1003 472 1044 508 fit
1065 471 1109 507 ab
1132 485 1221 508 con·

147 533 247 573 sule:
278 533 412 571 interea
432 533 595 571 induciae
616 534 904 584 postulabantur.
963 535 1020 573 Ea
1042 535 1162 573 Sullae
1182 544 1220 573 et

149 598 330 650 plerisque
360 598 552 649 placuere:
585 599 689 648 pauci
709 598 865 637 ferocius
885 600 1097 644 decernunt,
1129 599 1222 637 scili-

148 672 208 702 cet
227 663 341 714 ignari
361 664 596 700 humanarum
617 677 748 707 rerum,
778 677 882 713 quae,
912 663 1029 700 fluxae
1048 673 1083 700 et
1105 664 1223 701 mobi-

146 726 211 771 les,
240 740 380 777 semper
409 728 442 763 in
474 726 623 763 advorsa
654 736 808 764 mutant.
876 727 1049 765 Ceterum
1084 726 1221 772 Mauri,

147 791 349 842 impetratis
368 793 534 830 omnibus
550 793 670 835 rebus,
690 800 762 828 tres
786 791 941 828 Romam
962 789 1118 840 profecti
1137 805 1221 828 cum

148 855 219 893 Cn.
243 855 401 894 Octavio
426 855 543 899 Rufo,
563 856 625 905 qui
644 865 814 906 quaestor
828 855 1046 904 stipendium
1062 855 1095 891 in
1117 854 1225 892 Afri-

149 933 227 956 cam
250 929 483 969 portaverat3
512 921 585 957 duo
613 920 657 956 ad
687 934 808 970 regem
839 920 1003 957 redeunt.
1079 920 1139 957 Ex
1168 920 1223 958 his

150 982 336 1027 Bocchus,
357 997 439 1020 cum
459 993 592 1028 cetera,
620 993 698 1020 tum
719 997 882 1021 maxume
905 983 1165 1035 benignitatem
1185 993 1225 1023 et

149 1047 307 1084 studium
329 1047 449 1084 Sullae
469 1046 594 1085 lubens
615 1047 770 1098 accepit.
831 1048 970 1085 Romae
985 1047 1115 1098 legatis
1133 1051 1224 1100 ejus,

148 1121 343 1161 postquam
358 1125 491 1148 errasse
506 1125 642 1163 regem,
657 1120 694 1148 et
707 1113 727 1149 J
732 1112 912 1162 ugurthae
925 1111 1056 1149 scelere
1068 1111 1224 1162 lapsum,

148 1175 333 1224 deprecati
354 1184 450 1219 sunt,
482 1176 673 1212 amicitiam
693 1184 730 1212 et
751 1174 879 1212 foedus
904 1175 1126 1224 petentibus,
1151 1176 1222 1213 hoc

148 1237 258 1274 modo
277 1238 540 1288 respondetur:
571 1246 596 1264 “
619 1239 786 1282 Senatus,
805 1247 842 1275 et
863 1238 1020 1288 populus
1037 1239 1224 1277 Romanus

147 1301 313 1339 beneficii
332 1312 369 1338 et
390 1302 535 1353 injuriae
555 1316 693 1339 memor
707 1316 782 1339 esse
797 1302 913 1340 solet:
945 1314 1107 1340 ceterum
1131 1304 1226 1342 Boc-

148 1365 234 1408 cho,
255 1365 424 1414 quoniam
443 1366 620 1415 poenitet,
642 1365 764 1403 delicti
784 1366 938 1416 gratiam
957 1365 1046 1404 facit
1064 1382 1073 1405 :
1096 1367 1224 1407 foedus

148 1438 187 1468 et
205 1430 364 1467 amicitia
382 1430 580 1474 dabuntur,
601 1444 686 1467 cum
706 1430 921 1467 meruerit.''

204 1558 291 1597 CV.
321 1559 432 1608 Quis
455 1558 562 1595 rebus
581 1557 753 1609 cognitis,
775 1556 947 1595 Bocchus
966 1572 1032 1608 per
1049 1558 1186 1597 litteras
1205 1574 1226 1598 a

152 1620 273 1660 Mario
293 1622 437 1670 petivit,
459 1622 512 1658 uti
535 1621 670 1659 Sullam
687 1622 730 1658 ad
753 1635 788 1658 se
808 1621 982 1665 mitteret,
1011 1625 1112 1673 cujus
1132 1624 1227 1660 arbi-

150 1694 250 1722 tratu
263 1684 307 1722 de
323 1685 574 1722 communibus
589 1685 744 1736 negotiis
757 1684 1017 1723 consuleretur.
1049 1686 1087 1723 Is
1099 1687 1226 1726 missus

149 1765 235 1788 cum
266 1751 444 1800 praesidio
471 1750 636 1801 equitum
664 1760 774 1800 atque
793 1750 972 1800 peditum,
1001 1749 1226 1789 funditorum

154 1814 374 1852 Balearium:
388 1825 571 1865 praeterea
584 1814 774 1866 sagittarii,
787 1823 823 1851 et
836 1814 967 1851 cohors
981 1814 1130 1866 Peligna
1142 1830 1226 1854 cum

151 1879 362 1918 velitaribus
381 1880 501 1923 armis,
530 1879 665 1916 itineris
693 1879 909 1928 properandi
929 1892 1079 1917 caussa:
1111 1894 1227 1931 neque

152 1943 208 1981 his
227 1957 344 1987 secus,
372 1953 481 1994 atque
502 1943 578 1980 aliis
596 1943 716 1987 armis,
744 1942 933 1979 advorsum
952 1942 1024 1979 tela
1051 1943 1226 1990 hostium,

153 2008 254 2059 quod
272 2023 313 2045 ea
327 2009 417 2046 levia
433 2018 530 2052 sunt,
549 2007 691 2044 muniti.
742 2007 815 2044 Sed
830 2007 968 2051 itinere,
984 2006 1112 2057 quinto
1128 2010 1228 2046 deni-

153 2087 224 2123 que
237 2073 455 2117 die,Volux,
469 2072 562 2110 filius
577 2071 730 2115 Bocchi,
743 2080 890 2121 repente
902 2071 936 2108 in
950 2072 1087 2122 campis
1100 2083 1228 2123 paten-

152 2137 253 2176 tibus
271 2151 356 2175 cum
373 2137 471 2175 mille
491 2151 562 2174 non
581 2135 734 2186 amplius
749 2135 932 2185 equitibus
949 2149 1023 2174 sese
1037 2138 1198 2176 ostendit
1212 2153 1226 2176 ε
