1497 2689
224 281 299 318 218
383 277 698 316 SALLUSTII
730 277 1116 319 FRAGMENTA.

221 390 399 441 parricida
419 390 525 427 vestri
547 404 637 434 sum,
657 399 708 434 et,
727 391 783 427 bis
796 392 940 442 genitus
951 392 1025 436 hic,
1045 393 1131 429 deos
1147 391 1293 429 Penatis

219 468 332 498 meos,
361 453 602 504 patriamque,
629 463 667 490 et
695 468 874 491 summum
903 455 1106 505 imperium,
1133 455 1213 492 vilia
1234 456 1308 492 hai

226 520 309 562 beo,
343 519 422 570 quis
453 519 540 554 mihi
570 519 650 555 vivo
681 519 862 556 cruciatus
892 519 975 556 satis
1006 521 1091 557 est?
1118 528 1182 556 aut
1209 533 1299 570 quae

223 597 340 633 poena
368 592 514 619 mortuo
530 584 542 620 ?
584 597 667 619 cum
686 583 805 619 omnia
824 592 1020 619 memorata
1039 584 1137 633 apud
1165 582 1299 620 inferos

225 647 402 696 supplicia
423 646 554 684 scelere
575 660 655 683 meo
674 646 756 683 vici.
813 646 856 683 A
875 647 990 696 prima
1010 646 1251 683 adolescentia
1265 646 1300 682 in

228 725 290 747 ore
310 719 429 747 vestro
459 711 620 760 privatus
640 719 677 747 et
696 710 731 746 in
751 710 1023 762 magistratibus
1041 710 1126 761 egi:
1156 710 1218 759 qui
1236 709 1304 746 lin-

225 789 312 826 gua,
329 775 391 825 qui
406 775 556 811 consilio
574 789 668 819 meo,
688 775 749 824 qui
769 775 921 825 pecunia
936 775 1094 820 voluere,
1114 775 1168 812 usi
1188 784 1271 812 sunt
1289 790 1298 813 :

227 853 343 888 neque
363 852 434 889 ego
455 839 622 875 callidam
652 838 871 884 facundiam,
900 854 1015 890 neque
1040 839 1237 891 ingenium,
1257 839 1303 875 ad

223 902 312 939 male
332 902 546 939 faciundum
576 903 747 941 exercui:
778 904 1012 941 avidissumus
1039 905 1199 954 privatae
1220 917 1303 955 gra-

222 968 306 1012 tiae,
328 981 514 1004 maxumas
528 967 731 1005 inimicitias
752 982 818 1017 pro
833 968 1020 1018 republica
1035 969 1176 1018 suscepi
1193 983 1203 1005 :
1225 967 1301 1018 qui,

228 1033 344 1070 victus
365 1047 447 1069 cum
467 1032 526 1068 illa
547 1032 663 1077 simul,
684 1047 782 1077 cum,
802 1047 913 1084 egens
932 1032 1065 1070 alienae
1083 1032 1177 1082 opis,
1200 1031 1303 1082 plura

226 1098 318 1135 mala
336 1106 597 1148 exspectarem,
627 1112 703 1141 vos,
733 1098 910 1148 Quirites,
940 1112 1061 1135 rursus
1079 1097 1168 1134 mihi
1190 1096 1303 1147 patri-

226 1176 297 1206 am,
329 1163 415 1199 deos
447 1162 606 1206 Penatis,
637 1176 720 1198 cum
750 1162 890 1214 ingenti
913 1162 1107 1214 dignitate,
1139 1160 1300 1197 dedistis.

229 1227 302 1264 Pro
323 1226 453 1275 quibus
481 1225 664 1262 beneficiis
684 1226 742 1262 vix
765 1227 849 1263 satis
876 1235 1003 1277 gratus
1021 1225 1155 1269 videar,
1186 1224 1213 1261 si
1233 1224 1304 1261 sin-

229 1291 324 1343 gulis
340 1291 505 1335 animam,
525 1304 634 1340 quam
650 1305 804 1342 nequeo,
819 1290 1070 1329 concesserim.
1111 1289 1212 1327 Nam
1231 1288 1305 1325 vita

226 1366 264 1393 et
294 1370 389 1393 mors
413 1358 493 1407 jura
521 1365 670 1391 naturae
699 1365 806 1392 sunt:
837 1354 890 1392 uti
919 1355 992 1391 sine
1021 1354 1197 1391 dedecore
1217 1365 1302 1389 curn

223 1420 375 1465 civibus,
395 1419 489 1456 fama
503 1428 540 1456 et
560 1418 715 1456 fortunis
734 1419 889 1470 integer,
908 1433 1008 1470 agas,
1027 1418 1064 1455 id
1081 1418 1178 1454 dono
1193 1417 1304 1454 datur

226 1495 336 1535 atque
355 1484 545 1534 accipitur.
595 1483 772 1521 Consules
787 1498 852 1521 nos
867 1483 1018 1528 fecistis,
1039 1483 1217 1533 Quirites,
1237 1483 1306 1520 do-

227 1551 277 1587 mi
304 1549 462 1599 bellique
492 1547 776 1598 impeditissuma
795 1546 993 1598 republica.
1051 1548 1220 1597 Namque
1238 1547 1305 1584 im-

228 1624 412 1664 peratores
434 1612 635 1662 Hispaniae
655 1611 888 1662 stipendium,
917 1611 1061 1655 milites,
1089 1624 1199 1655 arma,
1228 1610 1304 1648 fru-

227 1687 390 1715 mentum
417 1686 589 1728 poscunt,
618 1685 655 1714 et
683 1676 720 1713 id
748 1690 802 1713 res
831 1675 962 1727 cogit;
993 1675 1163 1725 quoniam
1182 1673 1306 1712 defec-

227 1743 328 1780 tione
349 1742 543 1785 sociorum,
572 1749 610 1777 et
641 1740 791 1778 Sertorii
811 1754 876 1790 per
895 1747 1036 1776 montes
1056 1738 1159 1790 fuga,
1188 1752 1304 1790 neque

229 1821 336 1843 manu
356 1816 494 1843 certare
513 1813 681 1855 possunt,
701 1819 818 1854 neque
833 1804 935 1841 utilia
955 1817 1093 1854 parare.
1151 1803 1305 1841 Exerci-

226 1883 287 1910 tus
317 1872 351 1908 in
383 1872 478 1908 Asia
508 1870 709 1920 Ciliciaque
738 1869 786 1906 ob
814 1869 937 1905 nimias
957 1883 1045 1918 opes
1074 1868 1302 1906 Mithridatis

227 1936 397 1974 aluntur:
429 1934 648 1973 Macedonia
675 1933 781 1984 plena
798 1933 959 1970 hostium
977 1942 1060 1977 est;
1089 1946 1155 1969 nec
1184 1932 1300 1968 minus

233 1999 361 2037 Italiae
373 1999 583 2043 marituma,
603 2007 640 2035 et
659 1996 941 2047 provinciarum:
963 2010 1047 2033 cum
1065 1995 1208 2033 interim
1222 2009 1304 2032 vec-

231 2063 358 2116 tigalia
378 2077 498 2114 parva,
527 2072 564 2100 et
582 2061 684 2100 bellis
703 2061 853 2106 incerta,
883 2061 940 2098 vix
960 2071 1100 2112 partem
1119 2070 1304 2098 sumtuum

224 2129 407 2167 >sustinent
425 2144 436 2167 ε
465 2128 517 2166 ita
535 2127 659 2173 classe,
679 2140 771 2178 quae
790 2135 1012 2164 commeatus
1032 2127 1218 2172 tuebatur,
1239 2125 1305 2163 mi-
