1497 2689
207 285 258 320 88
403 279 715 320 SALLUSTII
743 279 1082 319 JUGURTHA.

204 393 318 430 omnis
338 393 503 442 pubereS‚
532 392 709 429 Numidas
728 401 766 429 et
786 392 1028 443 negotiatores
1052 388 1278 440 promiscue,'

204 458 257 494 uti
279 458 428 508 quisque
447 457 589 493 armatis
617 456 756 499 obvius,
784 456 976 493 interfecit.

258 586 437 622 XXVII.
482 586 607 634 Quot)
628 592 821 634 postquam
845 584 982 620 Romae
1001 582 1204 634 cognitum,
1231 589 1273 617 et·

204 664 258 687 res
277 650 311 686 in
333 658 457 686 senatu
476 649 603 699 agitari
624 658 767 697 coepta,
801 649 896 685 idem
915 648 964 684 illi
994 648 1143 684 ministri
1176 645 1271 696 regis

204 713 479 763 interpellando,
508 727 548 749 ac
570 726 674 761 saepe
699 713 828 762 gratia,
857 712 1036 749 interdum
1052 711 1180 764 jurgiis
1199 719 1273 747 tra-

204 777 324 814 hendo
344 786 500 825 tempus,
529 777 757 812 atrocitatem
778 775 865 812 facti
885 776 1076 813 leniebant.
1133 775 1213 818 Ac,
1236 773 1273 809 ni

206 842 250 879 C.
274 841 483 883 Memmius,
513 840 676 877 tribunus
709 840 824 889 plebis
844 841 1066 891 designatus,
1094 840 1147 876 vir
1178 852 1273 882 acer,

203 913 240 942 et
260 905 410 942 infestus
428 904 612 954 potentiae
629 904 837 948 nobilitatis,
868 904 1043 953 populum
1067 904 1274 941 Romanum

204 970 420 1012 edocuisset,
450 968 486 1005 id
506 968 578 1019 agi,
608 968 660 1004 uti
689 982 753 1017 per
779 982 914 1018 paucos
934 967 1106 1004 factiosos
1138 968 1274 1017 Jugur-

204 1036 288 1072 thae
322 1033 437 1071 scelus
470 1033 748 1077 condonaretur,
791 1032 958 1082 profecto
997 1031 1111 1068 omnis
1144 1030 1275 1067 invidia

204 1097 425 1149 prolatandis
444 1096 768 1133 consultationibus
788 1096 924 1145 dilapsa
948 1104 1047 1133 erat:
1091 1103 1192 1131 tanta
1224 1093 1274 1129 vis

205 1162 355 1214 gratiae,
384 1170 492 1212 atque
511 1160 681 1210 pecuniae
702 1161 807 1211 regis.
867 1161 953 1204 Sed,
974 1159 1035 1196 ubi
1055 1167 1198 1195 senatus
1213 1158 1276 1194 de-

204 1226 282 1263 licti
302 1225 519 1262 conscientia
541 1223 715 1274 populum
727 1224 845 1267 timet,
866 1223 946 1275 lege
961 1222 1173 1273 Sempronia
1191 1235 1276 1271 pro-

204 1292 339 1328 vinciae
359 1290 488 1327 futuris
509 1288 715 1326 consulibus
745 1288 916 1326 Numidia
943 1298 1051 1339 atque
1083 1286 1188 1324 Italia
1214 1286 1276 1322 de-

205 1365 350 1394 cretae:
381 1354 544 1392 consules
573 1352 801 1390 declarantur
821 1353 863 1389 P.
888 1352 1011 1401 Scipio
1046 1350 1191 1394 Nasica,
1223 1349 1274 1386 L.

208 1408 331 1458 Bestia
350 1419 590 1468 Calpurnius:
622 1416 820 1465 Calpurnio
841 1415 1025 1458 Numidia,
1057 1413 1219 1463 Scipioni
1240 1414 1278 1450 I-

206 1484 290 1520 talia
309 1483 454 1519 obvenit
471 1497 479 1520 :
511 1480 638 1523 deinde
657 1479 849 1522 exercitus,
871 1479 931 1530 qui
949 1479 984 1514 in
1004 1476 1175 1515 Africam
1193 1491 1278 1526 por-

205 1557 358 1590 taretur,
388 1545 556 1582 scribitur
573 1559 582 1583 ς
614 1543 845 1593 stipendium,
865 1542 944 1587 alia,
974 1556 1064 1593 quae
1082 1541 1179 1579 bello
1200 1540 1278 1578 usui

206 1611 340 1655 forent,
369 1611 622 1647 decernuntur.

262 1739 467 1777 XXVIII.
498 1726 569 1774 A‘r
586 1735 783 1787 Jugurtha,
804 1744 931 1773 contra
949 1748 1049 1785 spem
1068 1732 1199 1770 nuncio
1219 1742 1290 1769 ac-'

208 1817 331 1854 ceptO,
361 1804 495 1855 quippe
515 1801 588 1845 cui,
620 1800 758 1837 Romae
778 1800 897 1836 omnia
916 1812 1043 1835 venum
1063 1797 1125 1841 ire,
1146 1797 1181 1833 in
1204 1797 1280 1833 ani-
1316 1802 1318 1805 '

208 1882 267 1904 mo
286 1868 476 1911 haeserat3
506 1865 632 1910 filiurn,
661 1873 698 1900 et
718 1878 800 1900 cum
830 1877 873 1900 eo
907 1864 979 1900 duo
1010 1861 1203 1904 familiaris,
1232 1860 1279 1897 ad

207 1942 370 1969 senatum
384 1931 524 1981 legatos
538 1928 652 1965 mittit
667 1943 676 1965 ε
698 1928 839 1979 hisque,
860 1936 899 1964 ut
915 1926 996 1970 illis,
1017 1939 1107 1977 quos
1120 1924 1280 1974 Hiemp-

210 1996 279 2033 sale
317 1994 511 2031 interfecto
546 1992 702 2036 miserat,
736 1991 933 2041 praecepit,
966 1991 1081 2027 omnis
1118 1988 1279 2025 mortalis

207 2061 360 2111 pecunia
379 2057 646 2109 adgrediantur.
705 2057 779 2106 Qui
808 2065 1003 2107 postquam
1033 2056 1189 2098 Romam
1217 2054 1281 2090 ad-

210 2124 417 2166 ventabant,
446 2131 588 2158 senatus
607 2134 628 2158 a
648 2121 769 2159 Bestia
786 2120 985 2165 consultus,
1004 2118 1207 2170 placeretne
1229 2117 1291 2155 le:
