1497 2689
162 305 215 341 62
359 302 674 342 SALLUSTII
702 303 1044 342 JUGURTHA.

158 427 269 464 quam
283 424 449 466 regerent
464 428 580 458 casus,
595 423 631 451 et
647 429 691 451 eo
706 415 965 466 magnitudinis
978 414 1230 465 procederent,

159 478 223 516 ubi
242 493 309 529 pro
330 479 544 517 mortalibus
563 478 680 530 gloria
699 479 834 526 aeterni
850 479 988 516 fierent.

213 609 270 645 II.
302 609 367 655 NA
376 623 420 653 M,
450 609 503 646 uti
523 621 639 660 genus
658 609 847 645 hominum
866 608 1112 658 compositum
1131 621 1176 644 ex
1196 620 1234 644 a-

158 672 254 709 nima
282 681 320 709 et
350 687 517 723 corpore,
548 673 598 709 ita
627 688 681 709 res
705 683 871 717 cunctae,
903 673 1095 723 studiaque
1114 672 1234 709 omnia

158 746 294 781 nostra,
323 738 486 786 corporis
506 737 587 781 alia,
614 737 682 773 alia
701 736 809 774 animi
832 746 996 774 naturam
1017 745 1232 787 sequuntur.

159 801 285 851 Igitur
303 801 485 850 praeclara
505 800 627 845 facies,
658 815 810 852 magnae
830 801 988 845 divitiae,
1019 801 1065 837 ad
1091 801 1163 836 hoc
1182 800 1234 836 vis

157 865 335 914 corporis,
364 864 432 900 alia
447 865 697 916 hujuscemodi
716 865 850 909 omnia,
875 865 974 902 brevi
994 864 1206 901 dilabuntur
1222 879 1234 909 ;

157 939 195 966 at
215 929 350 980 ingenii
369 929 517 980 egregia
537 929 711 974 facinora,
734 930 841 967 sicuti
860 929 990 973 anima,
1019 927 1236 966 immortalia

157 1003 254 1030 sunt.
314 994 506 1030 Postremo
526 994 690 1044 corporis
722 1003 758 1030 et
779 993 948 1030 fortunae
966 994 1163 1036 bonorum,
1192 1001 1236 1029 ut

155 1058 314 1102 initium,
343 1058 422 1094 finis
437 1067 492 1095 est
510 1073 519 1095 :
550 1059 669 1094 omnia
687 1067 768 1095 orta
787 1058 976 1102 occidunt,
997 1066 1034 1093 et
1054 1065 1163 1093 aucta
1181 1069 1237 1093 se-

156 1132 309 1160 nescunt
327 1138 336 1160 z
367 1123 505 1159 animus
535 1123 782 1174 incorruptus,
813 1131 993 1166 aeternus,
1024 1129 1146 1158 rector
1166 1120 1237 1157 hu-

156 1188 253 1224 mani
282 1188 437 1238 generis,
467 1187 545 1238 agit
575 1197 686 1237 atque
706 1188 817 1223 habet
837 1194 984 1229 cuncta,
1015 1198 1132 1234 neque
1157 1184 1236 1234 ipse

155 1252 324 1290 habetur.
374 1253 462 1302 Quo
482 1252 597 1303 magis
616 1251 774 1301 pmvitas
793 1263 918 1287 eorum
939 1249 1147 1285 admiranda
1165 1257 1235 1293 est,

156 1317 234 1366 qui,
265 1317 379 1354 dediti
399 1316 560 1366 corporis
584 1315 741 1367 gaudiis,
772 1329 837 1364 per
854 1314 982 1351 luxum
1002 1322 1113 1363 atque
1133 1313 1238 1364 igna-

157 1383 250 1419 viam
269 1391 426 1419 aetatem
445 1390 561 1432 agunt
580 1397 589 1426 ς
620 1389 782 1419 ceterum
801 1379 1000 1429 ingenium,
1021 1391 1096 1427 quo
1117 1391 1236 1427 neque

157 1447 298 1490 melius,
318 1460 435 1495 neque
455 1445 621 1495 amplius,
638 1444 736 1480 aliud
748 1443 783 1479 in
804 1452 932 1479 natura
946 1440 1155 1478 mortalium
1165 1449 1237 1485 est,

156 1510 299 1549 incultu
317 1521 428 1559 atque
449 1508 610 1546 secordia
628 1518 835 1558 torpescere
851 1506 971 1542 sinunt
989 1521 999 1551 3
1030 1518 1113 1542 cum
1133 1518 1238 1554 prae-

158 1577 280 1613 sertim
299 1585 375 1613 tam
396 1574 530 1612 multae
549 1574 738 1623 variaeque
759 1571 830 1612 sint
848 1578 941 1608 artes
960 1569 1081 1615 animi,
1101 1569 1236 1619 quibus

158 1655 296 1678 summa
315 1640 494 1677 claritudo
514 1646 674 1689 paratur.

213 1771 295 1808 III.
326 1771 485 1808 VERUM
508 1783 552 1806 ex
572 1768 628 1804 his
648 1767 882 1818 magistratus
901 1773 938 1802 et
958 1763 1121 1813 imperia,
1150 1776 1237 1813 pos-

159 1846 276 1872 tremo
306 1835 421 1871 omnis
447 1847 533 1870 cura
552 1846 671 1870 rerum
698 1831 941 1882 publicarum,
971 1828 1128 1865 minume
1147 1827 1236 1865 mihi

159 1901 227 1937 hac
248 1907 466 1949 tempestate
494 1897 679 1948 cupiunda
697 1896 892 1933 videntur:
925 1893 1095 1943 quoniam
1118 1906 1236 1942 neque

159 1964 286 2001 virtuti
306 1964 421 2000 honos
441 1963 574 2007 datur3
603 1975 721 2011 neque
740 1960 805 2004 illi,
834 1959 967 2009 quibus
986 1972 1053 2008 per
1070 1956 1237 1995 fraudem

155 2033 215 2082 jus
246 2028 330 2072 fuit,
361 2028 448 2071 tuti,
478 2035 541 2063 aut
561 2041 604 2063 eo
624 2026 739 2077 magis
762 2024 906 2062 honesti
928 2032 1027 2061 sunt.
1085 2023 1182 2061 Nam
1201 2022 1237 2059 vi

162 2095 309 2145 quidem
329 2107 453 2144 regere
472 2092 640 2142 patriam,
666 2099 731 2127 aut
749 2098 929 2140 parentes,
958 2100 1179 2138 quamquam
1198 2095 1238 2123 et

162 2158 292 2210 pos-sis,
322 2167 360 2197 et
379 2156 512 2196 delicta
530 2156 705 2207 corrigas,
733 2164 853 2193 tamen
882 2154 1134 2205 importunum
1151 2161 1236 2198 est3
