1451 2719
355 287 672 327 SALLUSTII
703 287 1010 332 CATILINA.
1172 289 1226 330 37

149 401 201 442 fis
218 398 418 438 introducit
433 414 442 437 :
474 398 646 436 Flaccum
665 408 866 450 praetorem
881 397 1047 436 scrinium
1067 411 1150 434 curn
1168 397 1227 434 lit-

148 464 253 509 eteris,
281 477 369 514 quas
388 476 409 500 a
427 462 556 514 legatis
585 473 786 513 acceperat,
813 463 941 500 codem
955 460 1093 498 adferre
1107 462 1225 514 jubet.

206 591 388 630 XLVII.
418 592 722 636 Voti-uncins,
750 591 994 643 interrogatus
1022 591 1066 628 de
1087 590 1227 634 itinere,

153 656 200 695 de
218 655 361 699 litteris,
376 664 560 706 postremo
580 656 680 706 quid,
701 665 762 693 aut
782 669 853 705 qua
872 656 916 693 de
937 668 1073 698 caussa,
1093 654 1231 691 consilii

153 719 368 758 habuisset?
395 720 511 770 primo
545 720 681 772 fingere
709 720 788 764 alia,
815 719 1034 757 dissimulare
1067 719 1112 755 de
1142 732 1232 754 con-

150 784 361 835 Juratione;
391 793 489 834 post,
521 784 580 821 ubi
601 784 672 822 fide
691 783 837 834 publica
868 784 986 821 dicere
1011 786 1130 835 jussus
1162 792 1231 825 cst,

154 848 286 892 omnia,
314 847 368 885 uti
387 857 491 899 gesta
510 857 624 892 erant,
651 848 790 898 aperit:
839 848 970 885 Paucis
999 856 1081 883 ante
1107 846 1233 883 diebus

154 925 175 949 a
195 911 355 951 Gabinio
374 921 411 949 et
432 913 612 961 Coepario
628 912 765 950 socium
784 913 974 955 adscitum,
1003 911 1090 948 nihil
1109 911 1235 960 ampli-

155 990 197 1014 us
217 976 320 1020 scire,
348 990 456 1026 quam
469 975 637 1027 legatos:
670 976 922 1015 tantummodo
952 975 1072 1012 audire
1088 974 1233 1012 solitum

154 1055 200 1078 ex
216 1041 391 1084 Gabinio,
409 1041 452 1077 P.
469 1040 711 1084 Autronium,
726 1040 888 1078 Servium
907 1040 1056 1083 Sullam,
1072 1040 1122 1077 L.
1140 1041 1235 1077 Var-

155 1104 361 1156 gunteium,
389 1103 525 1140 multos
544 1112 727 1153 praeterea
759 1104 793 1140 in
813 1117 855 1140 ea
873 1105 1121 1155 conjuratione
1143 1117 1231 1140 esse.

158 1168 301 1206 Eadem
322 1167 424 1208 Galli
444 1166 631 1213 fatentur3
661 1181 702 1204 ac
723 1164 926 1204 Lentulum
951 1168 1235 1204 dissimulantem

156 1240 375 1284 coarguunt,
404 1240 546 1281 praeter
564 1230 715 1274 litteras,
735 1231 972 1275 sermonibus,
994 1245 1084 1282 quos
1103 1231 1235 1268 habere

157 1296 308 1334 solitus:
340 1296 401 1333 Ex
422 1295 520 1332 libris
549 1294 732 1345 Sibyllinis
761 1310 914 1347 regnum
950 1297 1089 1334 Romae
1119 1296 1236 1342 tribus

156 1361 336 1409 Corneliis
355 1360 523 1411 portendi
540 1375 550 1397 :
582 1359 735 1398 Cinnam
754 1372 865 1412 atque
886 1352 1025 1398 Sullam
1044 1370 1147 1398 antea
1163 1377 1173 1406 ;
1199 1375 1236 1397 se

157 1426 322 1469 tertium,
350 1425 409 1462 cui
429 1424 546 1461 fatum
566 1423 661 1461 foret
681 1425 779 1462 urbis
808 1426 917 1475 potiri
936 1441 945 1463 :
975 1435 1160 1476 praeterea
1191 1425 1236 1463 ab

157 1490 304 1528 incenso
324 1488 510 1538 Capitolio
529 1488 631 1525 illum
645 1502 721 1525 esse
738 1489 949 1540 vigesimum
963 1504 1108 1533 annum,
1130 1503 1236 1541 quem

159 1567 264 1604 saepe
283 1567 327 1590 ex
348 1552 524 1603 prodigiis
545 1552 751 1601 haruspices
770 1554 1038 1602 respondissent
1071 1552 1167 1591 bello
1187 1554 1237 1590 ci-

159 1619 218 1656 vili
246 1627 436 1656 cruentum
464 1616 555 1653 fore.
614 1617 749 1667 Igitur,
782 1617 949 1666 perlectis
982 1617 1124 1662 litteris,
1152 1630 1237 1654 cum

158 1682 257 1733 prius
276 1695 400 1719 omnes
421 1680 522 1732 signa
537 1694 600 1718 sua
619 1681 886 1732 cognovissent,
908 1690 1050 1718 senatus
1062 1682 1238 1736 decernit,

162 1747 247 1792 Uti,
259 1746 449 1784 abdicatus
465 1745 693 1796 magistratu,
710 1746 905 1790 Lentulus,
922 1747 1006 1784 item
1023 1747 1132 1784 ceteri
1147 1748 1181 1784 in
1197 1747 1239 1783 li-

160 1813 254 1851 beris
266 1811 441 1850 custodiis
458 1811 687 1848 haberentur.
721 1811 850 1862 Itaque
872 1812 1054 1865 Lentulus
1076 1813 1119 1849 P.
1139 1813 1239 1849 Len-

161 1877 241 1918 tulo
264 1875 465 1927 Spintheri,
495 1875 555 1927 qui
575 1884 652 1912 tum
669 1875 804 1919 aedilis,
825 1876 1015 1928 Cethegus
1037 1879 1086 1927 Q.
1109 1873 1241 1914 Corni-

162 1929 262 1986 licio,
298 1940 464 1979 Statilius
498 1940 543 1977 C.
584 1939 741 1983 Caesari,
777 1939 956 1978 Gabinius
996 1941 1053 1978 M.
1093 1941 1239 1986 Crasso,

164 2005 365 2056 Coeparius
399 2005 500 2056 (nam
529 2004 557 2041 is
585 2003 707 2054 paullo
736 2014 817 2041 ante
846 2018 889 2041 ex
921 2004 1010 2056 fuga
1040 2004 1237 2059 retractus)

162 2071 233 2127 Cn.
255 2070 448 2116 Terentio,
469 2069 637 2114 senatori,
657 2069 862 2106 traduntur.
1229 2065 1232 2069 ’
