1497 2689
203 269 255 310 72
401 268 717 310 SALLUSTII
747 270 1090 313 JUGURTHA.

200 381 400 433 Jugurtlm,
420 383 572 432 patratis
592 384 763 429 consiliis,
782 385 818 422 in
833 385 910 423 otio
924 385 1064 423 facinus
1079 398 1184 423 suum
1195 399 1282 425 cum

197 447 317 484 animo
338 458 525 497 reputanS‚
553 449 680 486 timere
700 449 881 500 populum
911 451 1131 495 Romanum,
1165 460 1287 502 neque'

197 513 372 550 advorsus
392 514 480 550 iram
500 516 576 565 ejus
597 528 764 564 usquam,
784 515 850 551 nisi
862 515 897 551 in
913 516 1061 552 avaritia
1082 515 1285 554 nobilitatis

197 587 235 615 et
255 579 409 628 pecunia
430 593 506 623 sua,
535 593 634 629 spem
655 579 801 616 habere.
861 580 994 629 Itaque
1010 580 1135 630 paucis
1155 580 1286 619 diebus

197 655 283 679 cum
304 657 390 698 auro
421 652 459 680 et
493 652 647 694 argento
678 642 796 680 multo
837 643 995 680 Romam
1029 644 1158 689 mittit,
1201 646 1285 695 quis

197 708 398 756 praecepit,
429 707 482 743 uti
503 707 660 757 primum
681 716 819 745 veteres
839 707 974 745 amicos
993 708 1203 745 muneribus
1221 723 1287 746 ex-

198 770 336 819 pleant,
379 771 507 808 deinde
537 785 650 808 novos
680 772 902 822 adquirant3
943 781 1144 822 postremo,
1174 786 1287 822 quae-

199 849 357 885 cumque
391 836 531 885 possint
564 836 758 887 largiundo
789 851 928 887 parare,
971 852 1015 874 ne
1048 847 1282 875 cunctentur.

201 900 288 942 Sed,
323 900 385 936 ubi
428 901 585 937 Romam
615 901 728 952 legati
762 916 902 946 venere,
931 911 968 938 et
1010 915 1054 938 ex
1086 911 1285 952 praecepto

199 966 296 1015 regis
339 966 562 1014 hospitibus,
605 966 770 1016 aliisque,
800 980 958 1016 quorum
993 980 1035 1003 ea
1067 975 1287 1016 tempestate

199 1030 399 1066 auctoritas
420 1030 596 1080 pollebat,
626 1045 758 1082 magna
777 1031 904 1068 misere
922 1047 931 1075 ;
961 1039 1064 1067 tanta
1083 1040 1288 1069 commuta-

199 1094 252 1130 tio
274 1094 433 1138 incessit,
463 1095 517 1131 uti
550 1109 595 1131 ex
625 1109 793 1131 maxuma
825 1095 958 1132 invidia
990 1095 1025 1131 in
1060 1095 1217 1146 gratiam
1247 1105 1288 1133 et

198 1157 359 1195 favorem
379 1158 580 1196 nobilitatis
599 1159 788 1210 Jugurtha
816 1161 952 1197 veniret
971 1175 981 1205 ;
1011 1173 1168 1209 quorum
1202 1174 1285 1209 pars

200 1236 276 1271 spe,
306 1222 363 1259 alii
384 1223 544 1272 praemio
572 1224 728 1268 inducti,
759 1224 922 1276 singulos
950 1238 995 1261 ex
1016 1233 1143 1260 senatu
1173 1224 1288 1261 ambi-

200 1288 313 1331 undo,
343 1288 565 1332 nitebantur,
595 1303 639 1325 ne
659 1289 804 1339 gravius
827 1289 872 1325 ‘in
904 1303 987 1326 eum
1019 1287 1285 1326 consuleretur.

202 1351 339 1402 Igitur,
383 1351 496 1402 legati
528 1353 591 1389 ubi
625 1354 710 1390 satis
744 1353 949 1398 confidunt,
994 1353 1050 1389 die
1082 1352 1287 1389 constituto

201 1425 346 1452 senatus
379 1416 543 1465 utrisque
577 1417 698 1453 datur.
774 1417 878 1455 Tum
922 1416 1179 1454 Adherbalem
1214 1416 1287 1453 hoc

201 1481 311 1517 modo
330 1480 497 1518 locutum
518 1481 748 1531 accepimus:

256 1613 373 1649 XIV.
395 1619 421 1637 “
438 1613 607 1650 PATREs
625 1611 839 1661 conscripti,
861 1609 1034 1660 Micipsa,
1052 1618 1158 1660 pater
1172 1623 1288 1655 meus,

201 1676 369 1721 moriens,
397 1677 597 1726 praecepit,
626 1676 681 1713 uti
709 1689 863 1726 regnum
897 1674 1093 1712 Numidiae
1125 1683 1288 1712 tantum-

201 1742 312 1778 modo
346 1742 604 1791 procuratione
637 1741 896 1778 existumarem
934 1741 1070 1783 meum‚
1125 1748 1289 1776 ceterum

196 1807 256 1857 jus
276 1815 314 1842 et
334 1806 526 1855 imperium
542 1819 652 1855 penes
672 1819 735 1842 vos
754 1818 830 1841 esse
848 1820 859 1850 3
890 1803 996 1841 simul
1014 1803 1170 1841 eniterer
1188 1804 1289 1840 domi

201 1870 425 1920 militiaeque
439 1884 549 1919 quam
561 1883 733 1907 maxumo
749 1870 829 1906 usui
842 1883 919 1906 esse
933 1869 1073 1919 populo
1092 1869 1261 1906 Romano
1276 1884 1288 1914 ;

202 1950 266 1972 vos
285 1936 374 1972 mihi
395 1945 654 1987 cognatorum,
683 1949 745 1972 vos
764 1935 799 1972 in
829 1934 1002 1972 adfinium
1022 1933 1144 1970 locum
1178 1934 1290 1970 duce-

201 2014 276 2037 rem
294 2016 303 2038 :
335 2001 363 2037 si
383 2014 423 2037 ea
452 2000 632 2043 fecissem,
661 2001 695 2036 in
730 2009 847 2037 vestra
881 1998 1039 2036 amicitia
1071 1997 1288 2042 exercitum,

203 2066 358 2110 divitias,
379 2066 602 2102 munimenta
622 2065 725 2116 regni
742 2065 886 2103 habere.
937 2065 1042 2114 Quae
1055 2077 1138 2100 cum
1163 2065 1290 2113 [prae-

203 2140 313 2182 cepta
331 2132 489 2182 parentis
510 2131 603 2180 mei]
633 2130 823 2182 agitarem,
848 2131 871 2168 J
875 2129 1049 2180 ugurtha,
1078 2128 1191 2165 homo
1211 2141 1294 2165 oms
