1451 2719
305 292 617 334 SALLUSTII
645 291 984 332 JUGURTHA.
1099 295 1172 332 119

159 405 297 446 LVII.
329 405 504 444 Mamus
538 406 585 442 ad
614 407 764 443 Zamam
795 403 980 455 pervenit:
1010 403 1048 439 id
1065 404 1173 454 oppi-

109 471 208 515 dum,
235 470 270 507 in
300 483 430 520 campo
462 470 581 514 sitinii,
611 471 723 521 magis
750 484 872 520 opere,
901 483 1007 519 quam
1033 478 1172 513 natura,

110 536 289 584 munitum
307 543 385 572 erat
402 551 413 581 ;
436 535 565 572 nullius
578 535 724 572 idoneae
744 536 792 572 rei
811 547 934 586 egens),
953 533 1058 570 armis
1077 533 1176 570 viris-

111 613 182 651 que
201 598 426 649 opulentum.
487 599 609 650 Igitur
628 598 814 643 Metellus,
841 612 909 648 pro
940 606 1104 647 tempore
1123 607 1178 635 at·

110 678 182 715 que
199 663 283 702 loco
303 664 436 714 paratis
456 665 575 708 rebus,
602 673 735 702 cuncta
762 664 901 703 moenia
931 663 1092 700 exercitu
1111 662 1179 700 cir-

111 729 321 767 cumvenit:
365 728 494 781 legatis
526 729 692 778 imperat,
732 727 793 765 ubi
824 728 975 778 quisque
1006 736 1177 767 curaret:

113 792 255 837 deinde,
284 792 388 843 signo
408 792 508 836 dato,
537 792 694 843 undique
723 791 826 830 simul
845 791 979 831 clamor
997 791 1122 842 ingens
1140 804 1180 828 o-

113 857 227 895 ritur:
257 870 372 906 neque
391 870 432 894 ea
451 871 506 894 res
527 856 701 895 Numidas
720 866 831 897 terret
848 873 857 902 ς
887 856 1013 897 infensi
1036 855 1181 897 intenti-

113 935 184 972 que
204 921 278 958 sine
293 920 452 959 tumultu
472 930 616 959 manent
633 937 642 959 ε
672 921 847 972 proelium
861 921 1044 971 incipitur.
1105 921 1182 961 Ro-

115 985 222 1029 mani,
246 998 317 1035 pro
337 985 482 1036 ingenio
503 986 669 1035 quisque,
697 999 777 1035 pars
796 986 933 1023 eminus
957 984 1086 1035 glande
1119 993 1183 1023 aut

114 1048 294 1100 lapidibus
311 1062 477 1100 pugnare
495 1065 505 1094 ;
534 1049 592 1087 alii
621 1051 824 1094 succedere,
848 1064 893 1088 ,ac
914 1064 1054 1088 murum
1074 1049 1183 1088 modo

116 1112 324 1156 subfodere,
353 1112 462 1150 modo
483 1112 585 1150 scalis
604 1113 753 1164 adgredi
770 1128 779 1150 :
807 1128 938 1164 cupere
958 1113 1134 1163 proelium
1148 1112 1182 1150 in

116 1177 281 1217 manibus
300 1176 429 1216 facere.
487 1178 626 1215 Contra
646 1191 687 1215 ea
716 1178 889 1227 oppidani
921 1178 954 1215 in
988 1191 1185 1227 proxumos

116 1254 204 1282 saxa
222 1240 362 1280 volvere
382 1255 392 1285 ;
423 1240 540 1284 sudes,
570 1240 655 1291 pila,
675 1250 858 1291 praeterea
877 1241 994 1291 picem
1014 1241 1186 1291 sulphure

114 1313 153 1343 et
172 1304 279 1347 taeda
297 1305 447 1343 mixtam
467 1305 634 1343 ardentia
665 1306 819 1343 mittere.
890 1305 964 1343 Sed
995 1319 1059 1342 nec
1092 1304 1186 1348 illos,

119 1369 182 1420 qui
201 1368 330 1418 procul
349 1378 564 1412 manserant,
593 1370 700 1407 timor
728 1370 836 1407 animi
855 1369 939 1406 satis
958 1369 1156 1406 muniverat
1175 1383 1185 1404 :

118 1447 199 1472 nam
227 1433 419 1483 plerosque
434 1433 566 1485 jacula,
593 1434 783 1470 tormentis
813 1442 876 1470 aut
909 1447 1016 1470 manu
1048 1433 1187 1476 emissa,

120 1497 379 1542 volnerabant;
408 1498 556 1547 parique
576 1497 751 1547 periculo,
780 1498 841 1534 sed
856 1497 949 1534 fama
967 1498 1105 1548 impari,
1123 1498 1190 1535 bo-

119 1562 155 1601 ni
173 1571 283 1612 atque
302 1561 421 1612 ignavi
439 1570 552 1598 erant.

175 1689 336 1726 LVIII.
366 1689 474 1726 Dum
497 1690 594 1739 apud
614 1690 765 1726 Zamam
785 1690 835 1727 sic
855 1699 1026 1734 certatur,
1051 1691 1192 1741 Jugur-

119 1754 185 1792 tha
214 1768 258 1791 ex
291 1753 482 1803 improviso
513 1763 630 1790 castra
654 1754 813 1790 hostium
832 1768 915 1791 curn
934 1768 1064 1805 magna
1082 1768 1189 1792 manu

121 1817 286 1862 invadit.;
313 1817 478 1861 temissis,
510 1818 570 1868 qui
601 1817 634 1855 in
657 1818 842 1867 ·praesidio
872 1827 987 1862 erant,
1015 1827 1052 1855 et
1071 1819 1190 1856 omnia

121 1881 249 1933 magis,
275 1895 388 1931 ,quam
410 1880 606 1931 ¹proelium,
626 1882 943 1931 exspectantibus,
974 1890 1116 1932 portam
1146 1881 1194 1918 ir-

125 1945 274 1996 rumpit.
332 1946 392 1985 At
422 1946 548 1989 nostri,
579 1946 766 1995 repentino
794 1955 893 1983 metu
921 1946 1089 1996 perculsi,
1124 1946 1191 1983 sibi

123 2010 277 2062 quisque
297 2024 371 2060 pro
399 2009 768 2048 moribustconsulunt
786 2026 795 2055 ;
824 2010 882 2048 alii
900 2009 1042 2062 fugere,
1061 2010 1119 2047 alii
1138 2023 1195 2047 ar-

127 2088 185 2113 ma
203 2089 330 2125 capere
347 2091 358 2113 :
388 2088 516 2126 magna
535 2088 616 2125 pars
632 2074 802 2114 volnerati
821 2084 884 2112 aut
901 2075 1024 2112 occisi.
1085 2074 1196 2112 Cete-

125 2151 205 2178 rum
234 2153 279 2178 ex
307 2141 404 2179 omni
433 2139 661 2178 multitudine
682 2154 751 2176 non
771 2139 921 2190 amplius
941 2140 1194 2192 quadraginta,
