1497 2689
234 291 287 329 32
437 289 749 329 SALLUSTII
779 289 1086 330 CATILINA.

229 410 388 438 tractum
407 416 451 438 ex
471 401 610 446 itinere,
638 416 764 452 parens
783 405 899 441 necari
914 404 1033 455 jussit.
1069 403 1191 440 Isdem
1208 409 1305 441 tema‘

229 467 378 516 poribus
402 465 540 502 Romae
560 466 756 511 Lentulus,
785 468 889 505 sicuti
919 468 1077 506 Catilina
1109 476 1303 518 praecepea'

230 539 298 574 rat,
319 543 565 581 quoscumque
581 531 740 567 moribus
759 540 820 567 aut
840 531 986 569 fortuna
1004 532 1103 568 novis
1122 533 1229 570 rebus
1247 532 1302 569 id-

228 604 339 631 oncos
358 594 540 638 credebat,
561 604 622 632 aut
642 610 707 644 per
726 610 775 640 se,
795 606 857 633 aut
872 610 936 646 per
954 597 1040 633 alios
1056 596 1273 634 sollicitabat
1289 612 1302 642 ;

228 674 343 711 neque
356 660 471 697 solum
486 661 592 704 cives,
605 661 668 697 sed
683 662 954 712 cujusquemodi
969 675 1084 713 genus
1098 662 1301 706 hominum,

229 725 329 776 quod
348 725 457 761 modo
483 724 625 774 [bello]
648 725 727 762 usui
747 723 856 761 foret.

281 853 373 892 XL.
406 855 566 892 Icmm
588 855 631 892 Ρ.
654 854 845 893 Umbreno
860 852 1002 890 cuidam
1017 854 1206 904 negotium
1222 853 1301 897 dat,

228 920 281 956 uti
301 919 440 969 legatos
461 919 711 970 Allobrogum
744 917 915 969 requirat,
934 932 1081 968 eosque,
1111 916 1138 954 si
1171 918 1301 967 possit,

226 983 388 1032 impellat
418 984 463 1020 ad
493 983 704 1020 societatem
735 982 845 1027 belli;
883 981 1117 1025 existumans,
1154 981 1301 1032 publice

226 1048 465 1099 privatimque
497 1062 575 1085 aere
607 1047 721 1084 alieno
751 1060 956 1096 oppressos,
985 1054 1180 1095 praeterea,
1203 1045 1305 1096 quod‘

227 1120 353 1148 natura
371 1127 460 1163 gens
482 1111 625 1150 Gallica
644 1111 814 1148 bellicosa
833 1119 940 1154 esset,
961 1109 1064 1146 facile
1083 1123 1145 1146 eos
1164 1110 1210 1145 ad
1229 1108 1303 1146 tale

228 1176 415 1212 consilium
435 1176 565 1213 adduci
585 1186 704 1225 posse.
762 1174 985 1217 Umbrenus,
1007 1173 1106 1224 quod
1124 1173 1158 1209 in
1182 1172 1304 1211 Gallia

227 1241 448 1291 negotiatus,
476 1240 654 1291 plerisque
680 1239 903 1289 principibus
933 1248 1041 1275 notus
1073 1247 1164 1282 erat,
1193 1247 1302 1289 atque

224 1318 286 1342 eos
306 1312 477 1341 noverat:
509 1303 629 1354 itaque
650 1304 722 1340 sine
742 1317 854 1347 mora,
884 1304 943 1340 ubi
975 1303 1128 1353 primum
1161 1302 1309 1354 legatos·

225 1369 261 1404 in
281 1368 361 1405 foro
381 1367 585 1417 conspexit,
614 1377 872 1417 percunctatus
901 1381 1015 1417 pauca
1034 1368 1078 1404 de
1099 1376 1196 1404 statu
1215 1367 1302 1404 civi-

225 1433 325 1477 tatis,
353 1442 391 1469 et
413 1433 512 1483 quasi
541 1432 664 1469 dolens
685 1435 759 1483 ejus
785 1446 920 1476 casum,
952 1433 1131 1484 requirere
1164 1432 1302 1482 coepit,

226 1513 333 1550 quem
353 1498 491 1536 exitum
511 1499 620 1535 tantis
641 1498 739 1534 malis
759 1508 939 1548 sperarent
958 1500 970 1537 ἲ
1000 1500 1200 1551 Postquam
1223 1499 1304 1537 illos

226 1564 324 1600 videt
345 1562 444 1614 queri
465 1562 509 1598 de
529 1562 673 1599 avaritia
691 1563 983 1613 magistratuum,
1018 1577 1186 1601 accusare
1206 1577 1307 1601 sena-

226 1630 320 1672 tum,
350 1628 449 1679 quod
468 1628 503 1663 in
523 1642 565 1664 eo
586 1626 705 1664 auxilii
726 1627 812 1664 nihil
839 1637 932 1665 essct
950 1644 960 1673 3
989 1628 1137 1676 miseriis
1157 1628 1228 1665 suis
1248 1642 1304 1665 re-

227 1693 384 1729 medium
404 1703 558 1729 mortem
578 1701 786 1741 exspectare
805 1707 813 1729 :
846 1692 905 1729 At
925 1707 1010 1743 ego,
1030 1692 1160 1743 inquit,
1188 1692 1304 1737 vobis,

228 1757 255 1794 si
276 1757 385 1793 modo
405 1756 467 1792 viri
488 1769 563 1793 esse
584 1756 704 1800 voltis,
723 1756 896 1794 rationem
911 1757 1112 1801 ostendam,
1134 1770 1204 1808 qua
1222 1765 1305 1794 tan-

226 1831 265 1860 ta
283 1822 351 1858 ista
369 1821 461 1858 mala
478 1820 671 1871 effugiatis.
730 1820 837 1858 Haec
860 1821 920 1857 ubi
940 1821 1044 1865 dixit,
1060 1820 1304 1873 Allobroges,

227 1887 262 1923 in
291 1899 494 1922 maxumam
524 1899 623 1934 spem
653 1884 814 1929 adducti,
846 1877 1075 1923 Umbrenum
1105 1899 1219 1930 orare,
1249 1885 1310 1922 uti'

228 1951 281 1988 sui
301 1951 527 1987 misereretur
543 1964 551 1986 :
583 1948 670 1985 nihil
688 1957 764 1985 tam
783 1963 961 1999 asperum,
989 1963 1104 2001 neque
1124 1958 1198 1987 tam
1232 1948 1307 1986 dif-

229 2016 336 2059 ficile,
357 2015 442 2066 quin
457 2014 698 2064 cupidissume
713 2013 845 2050 facturi
864 2022 996 2058 essent,
1015 2014 1102 2050 dum
1120 2027 1162 2052 ea
1179 2027 1234 2051 res
1254 2012 1306 2050 ei-

228 2081 376 2117 vitatem
396 2093 474 2117 aere
494 2079 608 2116 alieno
623 2078 803 2115 liberaret.
861 2078 928 2115 Ille
941 2091 1003 2115 eos
1021 2078 1057 2114 in
1077 2078 1225 2115 domum
1245 2078 1309 2116 Di

233 2146 338 2184 Bruti
367 2146 546 2196 perducit,
576 2145 674 2196 quod
706 2144 786 2181 foro
815 2144 1031 2195 propinqua,
1058 2157 1174 2195 neque
1193 2143 1314 2181 alienzt'
