1451 2719
312 250 627 291 SALLUSTII
661 251 1050 292 FRAGMENTA.
1144 255 1222 293 ‘209

200 360 406 411 Implicitae
420 371 515 400 rates
530 362 722 401 ministeria
737 363 992 413 prohibebant.
1019 363 1113 401 Idem
1133 364 1215 401 ibid.

200 423 326 475 Igitur
342 424 503 477 legiones
530 426 644 476 pridie
663 428 698 464 in
719 436 841 465 monte
860 426 998 476 positas
1017 427 1213 464 arcessivit.

147 485 256 532 Idem,
275 488 332 526 lib·
353 505 390 526 x.

195 553 347 590 Anxius
365 553 485 599 animi,
510 564 620 605 atque
639 555 808 593 incertus.
865 554 978 592 Arus.

195 615 375 668 Magnam
400 631 549 656 exorsus
567 619 779 656 orationem.
836 618 944 656 Idem.

196 679 388 730 Impotens
407 690 445 719 et
464 681 592 718 nimius
613 682 718 719 animi
736 691 804 719 est.
863 681 971 719 Idem.

194 742 443 796 Amisumque
457 745 610 782 adsideri
625 745 698 783 sine
713 745 857 796 proeliis
872 746 1055 783 audiebat.
1093 745 1211 783 Prisc.

140 804 198 843 lib.
221 808 298 844 viii.
337 808 477 846 Obsideo
495 818 525 846 et
543 809 674 847 assideo
692 811 810 847 activa
836 819 914 847 suns
927 825 943 853 ;
960 811 1101 861 faciunt
1127 811 1211 848 enim

141 870 294 909 assideor
309 882 340 909 et
359 872 522 910 obsideor.

194 935 272 985 Qui
291 936 438 986 quidem
458 950 549 982 mos,
578 938 633 975 uti
660 938 777 981 tabes,
807 937 841 974 in
863 938 988 974 urbem
1007 940 1207 989 conjectus.

142 998 277 1037 Festus.

192 1062 354 1100 castella
380 1065 564 1101 custodias
583 1065 834 1102 thesaurorum
853 1065 888 1102 in
909 1065 1130 1103 deditionem
1149 1079 1210 1104 ac-

139 1127 358 1178 ciperentur.
416 1130 519 1166 Serv.
579 1129 698 1166 Caris.
720 1129 777 1166 lib.
799 1131 823 1165 i.

194 1191 353 1243 Reliqua
370 1193 542 1230 cadavera
560 1192 674 1229 salita.
725 1192 921 1237 Diomedes,
945 1193 1003 1230 lib.
1023 1195 1046 1230 i.
1067 1202 1147 1246 case.
1169 1197 1206 1231 4.

151 1332 332 1358 mustela
363 1333 474 1358 REGIS
502 1333 762 1358 MITHRIDATIS
791 1333 947 1358 SCRIPTA
975 1334 1029 1359 AD
1058 1333 1191 1358 REGEM

580 1397 767 1422 ARSACEN.

191 1513 273 1551 Rex
294 1512 524 1551 Mithridates
542 1513 615 1562 regi
633 1512 766 1549 Arsaci
783 1512 821 1548 S.
880 1511 1020 1548 Omnes
1047 1511 1125 1560 qui,
1154 1525 1208 1549 se.

136 1577 265 1614 cundis
306 1577 412 1614 rebus
456 1576 540 1619 suis,
588 1575 634 1612 ad
673 1574 757 1612 belli
794 1574 1006 1611 societatem
1042 1585 1204 1620 orantur,

134 1641 360 1679 considerare
379 1641 527 1684 debent,
546 1639 698 1677 liceatne
717 1647 797 1676 tum
817 1652 941 1689 pacem
961 1653 1085 1691 agere:
1107 1640 1205 1686 dein,

137 1706 237 1756 quod
257 1705 453 1757 quaeritur,
474 1705 604 1742 satisne
623 1704 738 1754 pium,
757 1712 894 1748 tutum,
921 1702 1136 1755 gloriosum,
1158 1718 1205 1741 an

134 1769 344 1807 indecorum
363 1769 421 1807 sit.
468 1769 558 1807 Tibi
579 1768 605 1805 si
625 1777 802 1818 perpetua
820 1781 909 1818 pace
928 1767 998 1804 frui
1019 1768 1117 1813 licet,
1137 1769 1204 1807 nisi

134 1833 258 1871 hostes
276 1833 474 1884 opportuni
493 1842 530 1870 et
550 1831 837 1876 sceleratissumi,
866 1833 1014 1884 egregia
1038 1831 1146 1878 fama,
1175 1833 1204 1870 si

137 1896 324 1935 Romanos
337 1897 569 1948 oppresseris,
584 1895 706 1934 futura
720 1905 775 1934 est
788 1912 798 1941 ;
820 1910 935 1946 neque
950 1905 1073 1946 petere
1092 1897 1203 1935 aude-

134 1974 193 1998 am
205 1962 428 2006 societatem,
440 1971 477 1998 et
489 1960 622 1998 frustra
633 1959 723 1997 mala
735 1973 814 1998 mea
825 1974 908 1998 cum
920 1961 993 1998 tuis
1004 1961 1108 1998 bonis
1120 1962 1204 1999 mis-

134 2025 206 2062 ceri
225 2039 376 2076 sperem.
433 2025 558 2075 Atqui
576 2038 630 2068 ea,
651 2038 743 2074 quae
757 2033 795 2061 te
810 2024 939 2062 morari
959 2038 1064 2075 posse
1084 2025 1207 2063 viden-

132 2095 208 2136 tur,
226 2089 278 2130 ira
289 2091 326 2129 in
341 2090 541 2142 Tigranem
556 2090 709 2129 recentis
723 2088 822 2136 belli,
840 2099 879 2128 et
893 2103 991 2129 meae
1007 2104 1062 2128 res
1076 2105 1204 2143 pamm

619 2153 713 2191 Dd
