1497 2689
219 334 291 370 156
412 329 728 370 SALLUSTII
759 332 1102 372 JUGURTHA.

220 456 318 488 saxa,
338 452 375 479 et
395 442 423 479 si
444 457 535 493 quae
556 453 736 481 vetustate
755 445 891 482 radices
910 446 1129 490 eminebant,
1157 444 1302 495 laqueis

219 507 412 551 vinciebat,
443 508 574 557 quibus
594 507 761 553 adlevati,
791 508 931 546 facilius
955 510 1212 547 escenderent:
1242 509 1298 547 in-

221 572 365 610 terdum
396 572 543 609 timidos
572 572 761 610 insolentia
784 572 918 610 itineris
937 572 1051 610 levare
1070 587 1205 611 manu:
1236 574 1299 612 ubi

223 637 346 687 paullo
375 637 534 687 asperior
560 637 766 681 adscensus,
795 636 956 688 singulos
984 651 1068 687 prae
1088 652 1124 675 se
1143 638 1298 676 inermos

224 702 367 739 mittere
385 717 396 747 ;
426 701 554 738 deinde
573 701 650 751 ipse
668 715 750 738 cum
769 700 913 738 illorum
932 701 1038 738 armis
1059 702 1160 752 sequi
1177 718 1187 740 z
1208 716 1301 752 quae

227 766 338 803 dubia
355 766 432 802 nisu
446 765 673 809 videbantur,
688 766 910 815 potissumus
925 774 1085 811 tentare;
1101 779 1156 811 ac,
1164 767 1304 816 saepius

226 830 352 867 eadem
372 829 592 866 adscendens
612 829 918 878 descendensque,
938 829 1019 865 dein
1040 830 1161 866 statim
1183 830 1302 881 digre-

225 894 474 938 diens,ceteris
486 894 670 930 audaciam
683 895 825 930 addere.
858 894 993 944 Igitur,
1003 893 1065 930 diu
1077 893 1304 944 multumque

224 958 385 1010 fatigati,
400 958 548 995 tandem
562 959 596 994 in
613 957 801 995 castellum
819 958 1046 1008 perveniunt,
1061 958 1243 995 desertum
1257 959 1302 995 ab

225 1037 266 1060 ea
285 1032 387 1072 parte
403 1038 413 1067 ;
445 1022 544 1073 quod
564 1036 700 1065 omneS,
720 1022 827 1059 sicuti
846 1022 922 1059 aliis
942 1023 1083 1067 diebus,
1109 1023 1300 1060 advorsum

227 1087 342 1124 hostis
362 1087 522 1123 aderant.
573 1087 728 1130 Marius,
749 1087 811 1123 ubi
831 1101 875 1123 ex
896 1086 1047 1131 nunciis,
1068 1100 1160 1136 quae
1180 1086 1302 1137 Ligus

226 1161 366 1203 egerat,
382 1151 571 1202 cognovit,
589 1165 805 1201 quamquam
820 1160 903 1188 toto
918 1152 975 1188 die
990 1151 1148 1188 intentos
1163 1151 1304 1201 proelio

227 1216 405 1254 Numidas
424 1216 613 1259 habuerat,
643 1225 722 1252 tum
740 1229 837 1259 vem,
857 1216 1071 1252 cohortatus
1094 1215 1238 1260 milites,
1266 1225 1304 1253 et

224 1280 301 1329 ipse
321 1288 424 1316 extra
444 1281 562 1316 vineas
585 1294 764 1330 egressus,
792 1279 974 1316 testudine
994 1289 1076 1316 acta
1095 1280 1302 1324 succedere,

225 1354 264 1382 et
284 1344 389 1381 simul
418 1345 560 1381 hostem
580 1344 771 1381 tormentis
796 1344 1063 1395 sagittariisque
1084 1352 1122 1380 et
1141 1342 1309 1380 fundito-

227 1409 326 1446 ribus
346 1409 484 1446 eminus
503 1418 648 1445 terrere.
706 1408 767 1445 At
791 1408 983 1451 Numidae,
1006 1421 1110 1457 saepe
1129 1417 1234 1444 antea
1257 1408 1308 1444 vi-

226 1473 300 1509 neis
320 1473 569 1508 Romanorum
585 1472 778 1515 subvorsis,
798 1472 885 1508 item
900 1471 1065 1515 incensis,
1081 1485 1151 1507 non
1166 1471 1304 1508 castelli

229 1536 415 1573 moenibus
436 1550 510 1572 sese
530 1536 758 1579 tutabantur,
780 1536 842 1572 sed
862 1549 929 1585 pro
945 1549 1048 1572 muro
1069 1536 1143 1573 dies
1164 1545 1309 1574 noctes-

229 1617 299 1652 que
320 1601 457 1652 agitare
476 1617 486 1646 ;
516 1600 728 1637 maledicere
752 1600 939 1643 Romanis,
968 1614 1009 1637 ac
1039 1600 1161 1637 Mario
1180 1615 1305 1638 vecor-

230 1666 324 1702 diam
341 1666 523 1717 objectare
538 1680 548 1709 ;
570 1663 742 1700 militibus
758 1664 888 1700 nostris
903 1665 925 1702 J
929 1664 1110 1714 ugurthae
1123 1664 1306 1701 servitium

231 1730 382 1774 minari3
410 1728 574 1766 secundis
590 1729 696 1765 rebus
716 1727 854 1764 feroces
874 1742 962 1764 esse.
1008 1728 1172 1776 Interim,
1193 1728 1310 1764 omni-

231 1795 313 1839 bus,
346 1794 520 1831 Romanis
546 1793 798 1843 hostibusque,
822 1793 960 1842 proelio
986 1792 1146 1838 intentis,
1177 1806 1309 1844 magna
1337 1815 1340 1818 ⁴

232 1859 413 1908 utrimque
433 1859 480 1900 vi,
511 1872 578 1908 pro
599 1856 714 1909 gloria
744 1867 853 1907 atque
877 1857 1026 1907 imperio
1046 1858 1114 1902 his,
1143 1857 1211 1895 illis
1240 1871 1308 1908 pro

233 1923 360 1967 salute,
377 1923 613 1966 certantibus,
635 1930 781 1972 repente
798 1936 818 1958 a
833 1931 940 1973 tergo
961 1921 1062 1972 signa
1081 1935 1206 1959 canere
1226 1937 1235 1959 :
1266 1936 1309 1958 ac

232 1990 350 2040 primo
371 1988 536 2026 mulieres
555 1997 591 2025 et
611 1987 727 2037 pueri,
750 1986 812 2037 qui
831 1986 944 2023 visum
964 1995 1225 2036 processerant,
1252 1985 1311 2023 fu-

231 2067 317 2105 gere
335 2069 345 2098 ;
385 2053 527 2096 deinde,
562 2052 615 2088 uti
646 2052 799 2101 quisque
833 2065 935 2087 muro
968 2065 1168 2100 proxumus
1201 2060 1280 2087 erat
1299 2066 1311 2096 3

232 2127 418 2168 postremo
439 2120 578 2159 cuncti,
598 2115 725 2152 armati
744 2115 979 2165 inermesque.
1038 2115 1151 2164 Quod
1170 2114 1232 2151 ubi
1253 2128 1313 2151 ac-

232 2181 335 2226 cidit,
356 2195 399 2218 eo
419 2180 534 2218 acrius
568 2179 725 2217 Romani
744 2180 889 2223 instare,
919 2178 1083 2223 fundere,
1111 2192 1152 2216 ac
1172 2178 1311 2228 pleros-
