1451 2719
535 530 579 568 C.
647 530 893 569 CRISPI

327 657 1100 714 SALLUSTII

462 819 617 847 BELLUM
647 817 946 850 JUGURTHINUM-

560 936 883 957 *—

182 1026 400 1098 FALSO
427 1057 591 1107 queritur
606 1059 650 1095 de
684 1067 811 1096 natura
831 1071 894 1096 sua
914 1069 1028 1108 genus
1048 1056 1258 1100 humanum,

181 1123 300 1172 quod,
316 1122 496 1159 imbecilla
511 1131 622 1172 atque
637 1123 712 1160 aevi
727 1123 862 1166 brevis,
882 1121 977 1158 forte
998 1121 1135 1171 potius,
1150 1134 1260 1170 quam

180 1186 331 1231 vittute,
361 1195 522 1238 regatur.
594 1186 690 1224 Nam
720 1196 860 1230 contra,
893 1185 1111 1235 reputando,
1143 1199 1260 1234 neque

182 1252 296 1302 majus
315 1249 427 1294 aliud,
446 1264 564 1300 neque
583 1251 850 1300 praestabilius,
869 1249 1025 1286 invenias
1041 1264 1051 1293 ;
1073 1249 1261 1299 magisque

182 1325 332 1355 naturae
351 1315 565 1354 industriam
585 1315 786 1359 hominum,
807 1327 915 1365 quam
932 1314 1002 1350 vim
1022 1321 1084 1349 aut
1100 1322 1261 1361 tempus,

183 1380 320 1418 deesse.
381 1380 454 1418 Sed
482 1380 558 1417 dux
587 1388 699 1430 atque
726 1380 924 1430 imperator
942 1379 1036 1416 vitae
1057 1377 1262 1414 mortalium

183 1445 323 1486 animus
337 1453 392 1482 est
410 1461 419 1483 :
442 1445 519 1495 qui,
532 1445 595 1482 ubi
607 1445 653 1481 ad
665 1444 818 1496 gloriam
835 1445 978 1481 virtutis
990 1444 1046 1480 via
1065 1452 1263 1495 grassatur,

186 1509 331 1547 abunde
362 1509 503 1559 pollens
533 1518 738 1559 potensque
751 1518 795 1557 *et
814 1509 931 1546 clarus
953 1518 1022 1552 est,
1054 1522 1170 1558 neque
1190 1507 1265 1546 for-‚

186 1581 297 1615 tunae
327 1581 413 1624 eget
433 1588 444 1618 ;
484 1573 623 1622 quippe
653 1572 889 1622 probitatem,
921 1572 1148 1616 industriam,
1179 1571 1264 1611 alias

185 1637 273 1674 artis
291 1638 419 1681 bonas,
439 1651 557 1688 neque
577 1637 674 1681 dare,
694 1652 812 1688 neque
831 1639 968 1688 eripere
990 1647 1127 1688 potest.
1187 1637 1265 1682 Sin,

185 1711 318 1752 captus
345 1702 463 1752 pravis
483 1701 729 1751 cupidinibus,
759 1703 805 1738 ad
824 1703 988 1739 inertiam
1007 1711 1043 1739 et
1064 1701 1264 1752 voluptatis

186 1767 351 1818 corporis
370 1781 515 1817 pessum
535 1767 642 1803 datus
657 1776 725 1810 est,
754 1767 955 1816 perniciosa
980 1766 1140 1804 lubidine
1162 1766 1266 1816 paul-

186 1832 296 1882 lisper
314 1845 415 1876 usus,
445 1831 508 1868 ubi
530 1845 596 1880 per
619 1831 816 1868 secordiam
837 1831 941 1875 vires,
971 1840 1130 1880 tempus,
1162 1831 1266 1881 inge-

188 1896 287 1933 nium
307 1896 505 1940 defluxere,
533 1904 682 1931 naturae
701 1895 889 1932 infirmitas
909 1904 1104 1932 accusatur
1122 1910 1131 1932 ε
1163 1909 1265 1933 suam

188 1960 344 2011 quisque
376 1959 522 2010 culpam
550 1968 727 1996 ..auctores
764 1960 811 1996 ad
848 1959 996 2011 negotia
1028 1958 1264 1997 transferunt.

189 2025 304 2075 Quod
324 2024 353 2061 si
371 2023 579 2060 hominibus
597 2023 774 2060 bonarum
794 2038 912 2061 rerum
931 2032 1034 2060 tanta
1054 2037 1140 2061 cura
1158 2033 1266 2070 essct,

190 2098 330 2139 quanto
349 2089 472 2128 studio
492 2087 606 2125 aliena
624 2101 666 2125 ac
686 2087 775 2124 nihil
800 2087 1007 2138 profutura,
1036 2087 1266 2137 multumque

189 2153 300 2195 etiam
318 2152 535 2205 periculosa,
565 2161 724 2203 petunt3
753 2166 870 2202 neque
899 2161 1111 2208 regerentur
1136 2152 1266 2203 magis,
