1497 2689
272 336 349 372 164
467 331 783 371 SALLUSTII
812 334 835 371 J
839 333 1155 374 UGURTHA.

275 444 408 489 omnia,
428 456 500 497 qua
518 443 612 482 visus
631 452 722 489 erat,
742 453 926 483 constrata
942 445 1038 490 telis,
1056 445 1178 492 armis,
1202 447 1355 486 cadave-

277 510 376 546 ribus
393 525 405 555 ;
433 517 472 547 et
490 508 584 545 inter
602 521 643 546 ea
662 508 794 546 humus
813 507 948 547 infecta
967 510 1152 562 sanguine.

331 637 426 676 CII.
485 636 656 675 ΡοετεΑ
676 636 748 674 loci
768 638 910 683 consul,
938 639 1037 678 haud
1065 639 1175 676 dubie
1191 641 1265 691 jam
1284 638 1361 676 vic-

278 710 350 746 tor,
379 701 542 751 pervenit
561 701 596 737 in
616 701 795 751 oppidum
815 702 969 747 Cirtam,
998 716 1073 754 quo
1088 703 1193 740 initio
1213 702 1363 753 profec..

277 776 336 804 tus
355 766 572 803 intenderat.
631 766 692 805 Eo
712 776 796 817 post
824 767 919 804 diem
939 767 1121 818 quintum,
1150 781 1258 817 quam
1294 767 1363 804 ite-

277 845 356 868 rum
376 831 518 868 barbari
537 829 628 867 male
647 840 911 882 pugnaverant,
938 831 1052 884 legati
1070 845 1091 869 a
1124 831 1282 870 Boccho
1303 845 1364 868 ve-

277 895 394 939 niunt,
423 894 486 944 qui
505 894 600 945 regis
620 895 735 931 verbis
754 896 799 932 ab
822 894 943 933 Mario
958 897 1133 945 petivere,
1152 895 1227 932 duo
1248 909 1374 945 quam.

278 959 481 996 fidissumos
500 959 547 995 ad
564 972 647 995 eum
668 959 830 996 mitteret
847 974 857 997 :
887 959 976 997 velle
996 960 1041 997 de
1054 974 1105 1004 se,
1124 968 1167 997 et
1181 959 1227 997 de
1247 973 1366 1009 popu-

276 1024 300 1060 li
325 1023 481 1061 Romani
502 1024 711 1067 commodo,
740 1026 874 1061 cumis
894 1024 1078 1063 disserere.
1137 1022 1205 1061 Ille
1240 1023 1364 1060 statim

280 1089 329 1126 L.
354 1088 492 1127 Sullam
512 1097 549 1125 et
570 1088 626 1125 A.
649 1087 830 1125 Manlium
850 1089 900 1126 ire
927 1089 1047 1140 jubet.
1120 1087 1199 1138 Qui
1234 1101 1365 1138 quam-

279 1167 389 1203 quam
408 1153 515 1190 acciti
535 1153 649 1197 ibant,
677 1162 797 1190 tamen
817 1154 956 1203 placuit
976 1155 1085 1191 verba
1116 1155 1213 1204 apud
1239 1168 1364 1205 regem

276 1218 408 1262 facere,
436 1218 623 1269 ingenium
642 1227 704 1256 aut
724 1232 889 1255 avorsum
909 1219 962 1256 uti
978 1219 1180 1264 flecterent,
1209 1228 1273 1256 aut
1293 1233 1362 1257 cu-

279 1284 407 1334 pidum
426 1283 526 1333 pacis
545 1283 792 1320 vehementius
813 1284 1063 1320 accenderent.
1125 1284 1258 1333 Itaque
1280 1283 1366 1321 Sul-

278 1347 326 1392 la,
354 1350 457 1399 cujus
476 1346 680 1390 facundiae,
701 1361 772 1383 non
788 1348 912 1391 aetati,
932 1362 952 1384 a
973 1347 1115 1385 Manlio
1134 1361 1363 1392 concessum,

279 1426 396 1463 pauca
415 1413 524 1449 verba
541 1412 793 1463 hujuscemodi
813 1411 984 1450 locutus:
1029 1419 1054 1437 “
1087 1412 1169 1449 Rex
1200 1412 1364 1456 Bocche,

280 1491 412 1528 magna
431 1476 535 1513 nobis
554 1475 707 1519 laetitia,
735 1489 819 1512 cum
833 1486 885 1520 te,
907 1475 1017 1513 talem
1033 1476 1161 1520 virum,
1181 1477 1217 1514 di
1239 1491 1366 1514 monu-

279 1555 351 1585 ere,
371 1540 426 1577 uti
446 1539 639 1589 aliquando
659 1552 801 1588 pacem,
821 1553 930 1589 quam
949 1539 1100 1584 bellum,
1121 1540 1244 1578 malles
1262 1556 1273 1586 ;
1294 1555 1365 1579 neu

279 1614 316 1642 te
335 1615 530 1655 optumum
546 1618 629 1641 cum
644 1617 813 1653 pessumo
829 1604 989 1640 omnium
1004 1605 1191 1656 Jugurtha
1210 1605 1364 1643 miscen-

281 1671 328 1706 do
349 1668 631 1706 commaculares
650 1683 660 1712 ;
690 1667 796 1704 simul
815 1668 919 1705 nobis
936 1669 1096 1706 demeres
1116 1669 1285 1706 acerbam
1303 1683 1366 1707 ne-

285 1734 557 1777 cessitudinem,
587 1732 722 1782 pariter
740 1741 778 1768 te
797 1741 975 1769 errantem
994 1742 1031 1770 et
1050 1732 1151 1769 illum
1169 1733 1368 1771 sceleratis-

281 1814 423 1837 sumum
442 1798 623 1848 persequi.
672 1796 741 1834 Ad
761 1797 846 1840 hoc,
871 1796 1011 1846 populo
1035 1797 1204 1835 Romano
1217 1800 1294 1850 jam
1312 1798 1366 1835 in-

282 1864 344 1914 opi
364 1864 478 1900 visum
503 1862 652 1905 amicos,
693 1874 801 1911 quam
834 1875 967 1905 servos,
1009 1875 1203 1912 quaerere:
1246 1862 1364 1900 tutius

281 1928 348 1965 rati
369 1927 587 1970 volentibus,
608 1939 717 1975 quam
736 1925 887 1969 coactis,
908 1925 1128 1975 imperitare.
1172 1925 1262 1963 Tibi
1278 1940 1362 1963 vero

281 1992 378 2029 nulla
403 1990 646 2042 opportunior
674 1999 798 2026 nostra
827 1990 984 2026 amicitia
1007 2005 1018 2027 ι
1059 1990 1230 2039 primum,
1260 1989 1362 2039 quod

282 2056 413 2107 procul
443 2057 627 2098 absumus,
658 2054 693 2091 in
720 2067 792 2103 quo
819 2053 975 2090 offensae
1000 2053 1212 2097 minumum,
1244 2053 1362 2105 gratia

281 2135 360 2170 par,
376 2134 417 2158 ac
431 2120 458 2157 si
474 2134 587 2170 prope
600 2119 822 2163 adessemus;
844 2118 939 2162 dein,
956 2118 1056 2168 quod
1070 2128 1236 2168 parentes
1252 2119 1363 2155 abun-

280 2186 328 2226 de
350 2186 539 2229 habemus,
560 2184 758 2222 amicorum
778 2197 894 2233 neque
914 2183 1031 2228 nobis,
1056 2197 1173 2233 neque
1196 2183 1363 2238 cuiquam
