1451 2719
350 319 660 359 SALLUSTII
691 318 1028 360 JUGURTHA.
1144 320 1215 357 147

151 434 259 476 dono,
288 445 403 481 neque
436 433 625 482 accipitur.
685 432 877 469 Sordidum
911 444 966 467 me
997 438 1035 467 et
1067 427 1211 464 incultis

150 496 308 534 moribus
327 496 440 539 aiunt,
470 496 553 544 quia
573 510 697 545 parum
718 496 805 532 scite
834 494 1035 532 convivium
1061 505 1211 534 exorno,

149 573 264 609 neque
283 560 491 596 histrionem
511 560 636 604 ullum,
657 573 770 609 neque
789 558 899 608 pluris
919 556 1024 606 pretii
1039 568 1213 605 coquum,

148 637 257 673 quam
284 623 452 668 villicum,
483 624 598 660 habeo
617 640 626 668 ;
659 637 749 674 quae
782 622 866 658 mihi
901 620 1001 656 lubet
1035 618 1213 656 confiteri.

150 687 246 725 Nam
265 701 308 724 ex
329 696 474 737 parente
495 701 589 731 meo,
617 696 653 724 et
672 700 716 723 ex
737 685 868 722 sanctis
887 683 981 726 viris,
1007 683 1058 719 ita
1076 682 1214 731 accepi,

149 751 341 788 munditias
360 751 579 794 mulieribus,
604 751 683 786 viris
702 750 859 786 laborem
880 746 1082 790 convenire,
1101 746 1217 782 omni-

149 815 289 865 busque
317 816 420 852 bonis
453 824 620 864 oportere
652 814 734 864 plus
763 812 911 864 gloriae,
941 825 1048 862 quam
1077 811 1218 848 divitia-

150 892 258 923 rum3
287 892 394 922 arma,
426 893 496 915 non
522 878 794 928 supellectilem,
824 876 946 913 decori
971 889 1058 912 esse.
1116 874 1215 923 Quin

148 955 251 993 ergo,
271 942 371 991 quod
385 945 500 993 juvat,
520 942 619 991 quod
638 955 760 978 carum
776 948 990 982 aestumant‚
1019 939 1056 975 id
1077 951 1217 987 semper

149 1006 308 1052 faciant3
335 1017 468 1051 ament,
489 1015 641 1056 potent;
668 1006 729 1043 ubi
750 1003 1025 1041 adolescentiam
1046 1002 1217 1045 habuere,

150 1070 199 1107 ibi
229 1078 451 1107 senectutem
481 1079 604 1120 agant,
635 1070 668 1106 in
700 1068 881 1111 conviviis,
913 1066 1025 1103 dediti
1045 1065 1158 1102 ventri
1181 1074 1218 1102 et

148 1134 384 1182 turpissumae
410 1133 503 1183 parti
523 1133 713 1183 corporis3
748 1132 927 1174 sudorem,
957 1129 1152 1179 pulverem,
1181 1137 1218 1165 et

148 1196 214 1232 alia
243 1196 329 1233 talia
358 1196 559 1246 relinquant
579 1197 696 1240 nobis,
728 1196 860 1245 quibus
879 1194 938 1231 illa
956 1193 1072 1243 epulis
1087 1196 1220 1244 jucun-

149 1260 249 1297 diora
269 1269 363 1298 sunt.
423 1261 561 1297 Verum
590 1275 659 1297 non
680 1269 734 1297 est
755 1260 816 1296 ita.
875 1259 984 1302 Nam,
1005 1258 1067 1294 ubi
1087 1271 1123 1294 se
1143 1271 1220 1294 om-

149 1324 254 1362 nibus
274 1324 420 1375 flagitiis
439 1324 697 1361 dedecoravere
717 1324 925 1374 turpissumi
945 1323 1021 1367 viri,
1041 1323 1219 1359 bonorum

149 1387 305 1439 praemia
324 1396 488 1437 ereptum
508 1397 607 1425 eunt.
680 1389 740 1425 Ita
764 1388 1003 1440 injustissume
1022 1386 1163 1424 luxuria
1182 1396 1220 1424 et

149 1452 305 1503 ignavia,
338 1466 523 1501 pessumae
553 1462 658 1496 artes,
689 1452 757 1489 illis
785 1453 847 1502 qui
876 1452 1019 1489 coluere
1048 1466 1106 1490 eas
1133 1452 1222 1488 nihil

149 1515 354 1560 obficiunt;
384 1515 600 1564 reipublicae
629 1516 792 1552 innoxiae
821 1515 913 1552 cladi
943 1525 1038 1553 sunt.
1097 1516 1220 1559 Nunc,

150 1579 319 1630 quoniam
349 1578 430 1623 illis,
462 1589 635 1630 quantum
657 1593 772 1616 mores
792 1580 873 1623 mei,
905 1594 975 1615 non
997 1579 1138 1616 illorum
1160 1579 1222 1616 fla-

149 1645 240 1696 gitia
258 1644 472 1694 poscebant,
489 1644 670 1693 respondi,
686 1657 800 1694 pauca
816 1645 860 1680 de
876 1643 1060 1693 republica
1079 1643 1219 1694 loquar.

153 1708 314 1746 Primum
333 1707 507 1752 omnium,
536 1708 580 1744 de
611 1708 782 1745 Numidia
800 1709 936 1744 bonum
957 1708 1130 1745 habetote
1149 1709 1223 1744 ani-

151 1785 263 1816 mum,
292 1771 466 1821 Quirites.
525 1772 634 1816 Nam,
658 1786 749 1821 quae
768 1773 814 1809 ad
833 1773 903 1809 hoc
924 1781 1068 1822 tempus
1086 1774 1109 1811 J
1114 1787 1223 1824 ugur-

151 1836 252 1874 tham
267 1843 348 1872 tuta
368 1844 464 1879 sunt,
484 1836 604 1872 omnia
623 1836 835 1880 removistis,
855 1836 1050 1880 avaritiam,
1077 1837 1222 1886 imperi-

150 1899 252 1942 tiam,
269 1899 483 1949 superbiam.
541 1899 688 1936 Deinde
703 1900 883 1937 exercitus
902 1900 952 1937 ibi
970 1910 1038 1944 est,
1057 1900 1222 1939 locorum

152 1965 293 2010 sciens;
323 1964 385 2002 sed
415 1964 616 2002 mehercule
643 1965 758 2017 magis
784 1975 962 2011 strenuus,
993 1981 1102 2017 quam
1120 1967 1219 2005 felix.

155 2029 251 2067 Nam
271 2042 401 2080 magna
430 2043 512 2079 pars
530 2029 674 2066 avaritia
694 2038 758 2066 aut
777 2030 979 2068 temeritate
1009 2031 1143 2069 ducum
1163 2032 1224 2069 ad-

154 2094 240 2130 trita
267 2103 334 2130 est.
393 2094 639 2143 Quamobrem
671 2108 745 2137 vos,
775 2094 906 2144 quibus
926 2095 1087 2132 militaris
1112 2105 1222 2141 aetas,

154 2157 355 2196 adnitimini
374 2171 529 2202 mecum,
548 2166 585 2195 et
600 2158 775 2207 capessite
794 2158 1052 2208 rempublicam
1068 2175 1077 2197 ι
1108 2173 1223 2208 neque

642 2221 734 2258 ΤΞ
