1451 2719
350 290 667 332 SALLUSTII
698 292 1038 332 JUGURTHA.
1154 298 1229 336 169

148 400 328 446 auditum,
358 411 435 440 tum
468 418 549 441 vero
584 405 708 455 ingens
742 414 857 442 metus
888 414 1029 442 nostros
1061 405 1221 444 invadit:

145 466 293 504 eredere
326 467 492 517 proditos
511 482 530 504 a
551 468 707 513 Voluce,
733 478 770 506 et
789 469 922 505 insidiis
942 469 1220 507 circumventos.

146 529 215 569 Ac
234 530 349 575 fuere,
383 532 444 581 qui
474 532 633 569 dicerent
668 545 772 569 manu
809 532 1074 576 vindicandum,
1103 547 1220 583 neque

145 595 245 645 apud
263 594 363 632 illum
382 605 526 634 tantum
546 596 662 634 scelus
680 595 835 633 inultum
855 595 1137 646 relinquendum.

195 721 330 760 CVII.
361 723 431 760 Ατ
455 723 567 774 Sulla,
595 737 813 775 quamquam
831 723 954 760 eadem
975 726 1215 769 aestumabat,

141 795 261 824 tamen
282 787 327 823 ab
347 787 472 839 injuria
502 788 673 826 Maurum
702 787 897 837 prohibet:
931 801 1014 825 suos
1034 789 1215 834 hortatur,

140 851 197 887 uti
217 850 349 888 fortem
364 852 519 889 animum
535 861 701 904 gererent
716 866 725 889 :
749 865 853 901 saepe
868 861 972 889 antea
987 855 1110 902 paucis
1126 865 1216 891 stre-

141 916 221 953 nuis
240 917 429 954 advorsum
450 917 718 954 multitudinem
732 917 823 953 bene
842 926 1046 967 pugnatum
1062 932 1071 955 :
1103 931 1216 969 quan-

140 989 182 1018 to
213 981 279 1018 sibi
299 982 332 1017 in
353 981 490 1031 proelio
511 981 627 1018 minus
648 980 904 1030 pepercissent,
935 989 1037 1018 tanto
1059 982 1214 1020 tutiores

140 1043 244 1081 fore:
274 1058 339 1082 nec
370 1058 588 1094 quemquam
618 1045 758 1087 decere,
788 1043 849 1093 qui
869 1057 993 1081 manus
1012 1046 1215 1091 armaverit,

138 1108 186 1145 ab
206 1108 347 1145 inermis
368 1109 522 1159 pedibus
541 1107 711 1145 auxilium
731 1117 868 1158 petere,
896 1107 930 1144 in
952 1121 1120 1146 maxumo
1141 1123 1215 1146 me-

138 1180 182 1210 tu
219 1173 357 1210 nudum
393 1183 429 1211 et
469 1186 618 1211 caecum
656 1185 788 1222 corpus
826 1171 871 1208 ad
909 1172 1024 1209 hostis
1056 1183 1209 1211 vortere.

137 1236 286 1275 Deinde
315 1237 509 1282 Volucem,
539 1236 708 1287 quoniam
734 1235 878 1273 hostilia
907 1234 1056 1280 faceret,
1088 1251 1214 1274 maxu-

137 1311 237 1337 mum
265 1301 394 1338 Jovem
423 1302 642 1344 obtestatus,
671 1309 712 1336 ut
741 1298 882 1336 sceleris
901 1307 1011 1349 atque
1039 1301 1211 1349 perfidiae

138 1363 281 1403 Bocchi
310 1365 413 1402 testis
443 1365 597 1408 adesset,
626 1364 751 1400 castris
776 1363 873 1400 abire
897 1364 1016 1415 jubet.
1077 1364 1142 1402 Ille
1163 1365 1213 1402 la-

135 1441 302 1465 crumans
331 1442 446 1472 orare,
476 1442 520 1466 ne
539 1441 580 1465 ea
600 1427 786 1465 crederet:
817 1427 903 1464 nihil
924 1427 1009 1464 dolo
1040 1428 1209 1476 factnm3

136 1493 253 1544 magis
271 1492 466 1530 calliditate
485 1492 703 1544 Jugurthae,
723 1491 780 1529 cui
800 1491 999 1541 speculanti
1018 1493 1087 1529 iter
1105 1507 1211 1532 suum

136 1558 326 1609 cognitum
344 1567 451 1596 esset.
495 1558 682 1602 Ceterum,
702 1557 870 1608 quoniam
890 1571 1005 1608 neque
1024 1559 1208 1609 ingentem

136 1621 407 1660 multitudinem
426 1623 590 1666 haberet,
608 1631 646 1659 et
665 1636 746 1672 spes
764 1635 925 1672 opesque
944 1626 1020 1673 ejus
1039 1637 1083 1660 ex
1104 1634 1209 1672 patre

135 1699 202 1723 suo
221 1686 432 1736 penderent,
452 1685 553 1723 illum
574 1685 661 1722 nihil
679 1685 797 1735 palam
816 1698 998 1730 ausurum,
1026 1700 1109 1723 cum
1129 1687 1207 1737 ipse

135 1748 230 1787 filius
254 1750 358 1786 testis
386 1749 526 1786 adesset
543 1765 554 1787 ς
584 1762 693 1801 quare
711 1757 903 1799 optumum
923 1748 1062 1786 factum
1082 1749 1208 1795 videri,

132 1828 200 1866 per
217 1814 333 1852 media
351 1817 426 1866 ejus
446 1823 562 1851 castra
579 1813 698 1863 palam
718 1813 865 1851 transire
883 1828 892 1851 ε
923 1827 1011 1858 sese,
1031 1814 1086 1851 vel
1105 1828 1209 1864 prae-

133 1878 262 1924 missis,
290 1878 345 1916 vel
373 1879 505 1916 ibidem
531 1878 664 1916 relictis
684 1876 837 1921 Mauris,
866 1876 982 1914 solum
1001 1891 1084 1915 cum
1107 1877 1207 1915 Sulla

132 1942 280 1980 iturum.
339 1943 397 1981 Ea
415 1957 484 1987 res,
504 1952 546 1980 ut
564 1944 600 1980 in
620 1941 682 1980 tali
701 1941 865 1992 negotio,
885 1942 1052 1991 probata,
1073 1955 1123 1985 ac,
1135 1951 1207 1979 sta-

133 2007 200 2044 tim
218 2006 403 2057 profecti:
434 2007 519 2058 quia
547 2006 592 2043 de
621 2005 814 2056 improviso
844 2005 1062 2050 acciderant,
1093 2005 1206 2042 dubio

134 2078 245 2121 atque
282 2070 482 2108 haesitante
519 2070 718 2122 Jugurtha,
764 2068 960 2107 incolumes
1003 2078 1202 2107 transeunt.

135 2134 412 2187 Deindepaucis
423 2135 564 2180 diebus,
576 2147 650 2185 quo
664 2134 714 2171 ire
728 2133 969 2179 intenderant,
978 2143 1203 2185 perventum.

649 2198 687 2236 Y
