1497 2689
222 315 268 349 13
424 308 736 348 SALLUSTII
767 308 1071 347 CATILINA.

221 423 322 460 vobis
349 422 480 458 aberit.
539 420 646 458 Haec
667 421 757 470 ipsa,
786 430 828 458 ut
856 435 974 471 spero,
1003 419 1190 458 vobiscum
1209 433 1297 461 conv-

221 486 276 524 sul
308 499 430 536 agam,
463 484 528 520 nisi
556 483 652 520 forte
685 484 824 521 animus
852 485 960 529 fallit,
995 493 1034 522 et
1065 498 1129 522 vos
1157 483 1299 527 servire,

221 564 331 600 quam
350 550 538 599 imperare,
558 549 675 598 parati
696 549 825 585 estis.’'

278 680 396 718 XXI.
429 679 667 730 POSTQUAM
700 693 872 730 accepere
892 694 934 717 ea
963 681 1140 724 homines,
1168 679 1302 730 quibus

225 745 316 782 mala
335 745 477 783 abunde
498 744 617 780 omnia
636 753 750 788 erant,
777 744 839 781 s'ed
859 758 975 795 neque
995 759 1063 789 res,
1083 740 1201 794 neque
1221 757 1302 793 spes

221 811 320 846 bona
348 808 448 852 ulla;
482 816 602 844 tamen
636 808 704 845 etsi
736 807 804 844 illis
839 809 963 858 quieta
994 808 1137 846 movere
1170 821 1303 859 magna

223 886 362 909 merces
380 872 581 914 videbatur,
601 880 721 908 tamen
742 872 927 921 postulare
945 872 1124 923 plerique,
1143 872 1198 909 uti
1218 885 1306 922 pro-

228 945 393 987 poneret,
415 949 506 986 quae
526 936 689 972 conditio
709 935 794 972 belli
813 935 907 974 foret
926 953 937 983 3
967 950 1059 987 quae
1073 936 1232 986 praemia
1250 949 1306 972 ar-

227 1001 292 1037 inis
320 1009 514 1050 peterent;
544 999 632 1048 quid
661 1000 796 1049 ubique
825 1001 905 1050 opis
936 1009 1000 1038 aut
1019 1000 1096 1050 spei
1115 1000 1302 1037 haberent.

226 1064 328 1102 Tum
343 1063 501 1101 Catilina
521 1063 683 1112 polliceri
698 1063 842 1100 tabulas
858 1078 980 1108 novas,
995 1064 1302 1114 proscriptionem

224 1128 479 1178 locupletium,
513 1127 762 1177 magistratus,
797 1128 1011 1172 sacerdotia,
1045 1128 1200 1178 rapinas,
1238 1127 1327 1164 alia-

226 1196 347 1231 onmia
375 1207 468 1243 quae
504 1191 654 1235 bellum,
693 1200 804 1240 atque
841 1191 968 1229 lubido
1001 1192 1182 1229 victorum
1220 1191 1304 1229 fert.

190 1279 208 1304 4
228 1262 433 1302 Praeterea,
465 1271 540 1294 esse
569 1256 604 1292 in
640 1256 822 1306 Hispania
850 1257 1016 1293 citeriore
1055 1257 1237 1301 Pisonem,
1270 1256 1306 1294 in

226 1323 452 1362 Mauritania
467 1334 551 1358 cum
566 1320 729 1357 exercitu
744 1321 787 1360 P.
805 1321 955 1364 Sittium
970 1321 1206 1364 Nucerinum,
1219 1334 1308 1357 con-

226 1388 291 1426 silii
308 1387 362 1424 sui
383 1385 580 1435 participes
596 1399 606 1422 ε
628 1392 751 1434 petere
766 1384 996 1421 consulatum
1016 1386 1062 1422 C.
1080 1384 1306 1428 Antonium,

225 1465 334 1502 quem
360 1450 427 1487 sibi
447 1448 625 1499 collegam
646 1447 722 1485 fore
743 1459 915 1497 speraret,
942 1449 1125 1486 hominem
1145 1457 1182 1486 et
1203 1449 1307 1486 fami-

226 1516 361 1557 liarem,
389 1521 426 1550 et
445 1512 613 1549 omnibus
640 1512 962 1551 necessitudinibus
988 1512 1305 1551 circumventum:

225 1594 271 1617 eo
300 1577 485 1616 consulem
512 1576 654 1613 initium
682 1576 812 1627 agendi
845 1576 1071 1625 facturqu
1123 1578 1194 1615 Ad
1221 1578 1308 1623 hoc,

231 1642 433 1681 maledictis
467 1641 629 1690 increpat
662 1641 777 1677 omnis
810 1641 925 1679 bonos
947 1657 956 1679 t
1001 1655 1149 1680 suorum
1179 1656 1311 1680 unum-

235 1722 418 1758 quemque
438 1706 624 1743 nominans
642 1704 788 1742 laudare
806 1720 815 1743 :
837 1707 1056 1744 admonebat
1076 1707 1185 1744 alium
1207 1721 1313 1755 eges-

229 1760 328 1821 tatis,
351 1773 461 1820 alium
481 1769 692 1820 cupiditatis
713 1783 810 1814 suae,
839 1770 1045 1821 complures
1073 1771 1224 1822 periculi
1243 1782 1310 1810 aut.

229 1837 458 1890 ignominiae,
496 1834 633 1890 multos
678 1833 848 1877 victoriae
888 1834 1069 1880 Sullanae,
1103 1835 1236 1885 quibus
1267 1849 1311 1875 ea

229 1902 381 1953 praedae
401 1889 532 1940 fuerat.
591 1899 793 1948 Postquam
823 1898 985 1941 omnium
1015 1898 1152 1938 animos
1182 1899 1309 1938 alacris

231 1967 327 2004 videt
348 1981 358 2010 ;
387 1964 619 2006 cohortatus,
643 1971 684 1999 ut
711 1962 925 2012 petitionem
946 1976 1046 2000 suam
1065 1976 1174 2000 curae
1194 1963 1308 2000 hab‘e-

242 2039 335 2074 rent,
365 2036 583 2067 conventum
613 2026 760 2064 dimisit.

282 2159 426 2217 ⁸XXII.
444 2158 590 2215 Fpmuz
614 2169 656 2194 ea
675 2165 908 2207 tempestate,
936 2156 998 2207 qui
1014 2156 1188 2202 dicerent,
1208 2154 1314 2210 Catii·
