1451 2719
357 284 671 324 SALLUSTII
701 285 1008 326 CATILINA.
1202 295 1225 328 9

139 395 348 446 pestilentia
375 396 518 442 invasit,
543 398 674 434 civitas
702 398 906 442 immutata,
940 399 1143 448 imperium,
1172 416 1214 438 cx

128 460 346 511 justissumo
375 470 486 512 atque
515 471 686 512 optumo,
712 463 858 500 crudele
878 463 1215 515 intolerandumque

133 524 288 564 factum.

183 653 260 692 XI.
292 654 374 692 SED
404 655 522 705 primo
555 655 670 706 magis
704 655 870 700 ambitio,
903 669 1013 705 quam
1046 657 1208 702 avaritia,

122 716 264 756 animos
296 719 483 756 hominum
516 720 709 756 exercebat
727 735 736 757 :
786 720 886 770 quod
923 730 1042 758 tamen
1078 721 1205 759 vitium

123 782 276 832 propius
291 783 463 820 virtutem
482 794 571 821 erat.
630 784 726 822 Nam
741 783 908 835 gloriam,
930 785 1118 829 honorem,
1139 786 1205 822 im-

121 847 278 896 perium,
293 848 425 892 bonus,
445 848 610 899 ignavus,
631 862 745 899 aeque
761 849 828 886 sibi
843 858 1040 899 exoptant:
1063 850 1124 886 sed
1145 850 1203 887 ille

122 923 206 948 vera
224 911 281 948 via
299 911 454 956 nititur;
484 912 569 949 huic
590 913 675 962 quia
695 913 811 950 bonae
830 923 924 950 artes
944 914 1088 958 desunt,
1109 914 1202 952 dolis

119 984 232 1026 atque
252 975 403 1015 fallaciis
423 979 624 1016 contendit.
664 979 835 1016 Avaritia
850 980 1024 1029 pecuniae
1039 980 1201 1017 studium

118 1041 245 1086 habet,
260 1056 370 1092 quam
385 1057 490 1079 nemo
506 1043 645 1092 sapiens
660 1044 889 1093 concupivit:
911 1058 966 1087 ea,
979 1045 1080 1094 quasi
1096 1059 1201 1081 vene-

119 1105 173 1143 nis
184 1105 286 1143 malis
297 1107 593 1156 imbuta‚c01pus
603 1107 834 1157 animumque
847 1107 983 1144 virilem
995 1107 1198 1145 effeminat:

117 1184 257 1222 semper
271 1171 425 1215 infinita,
436 1171 660 1215 insatiabilis,
674 1185 791 1221 neque
803 1172 1050 1221 copia,neque
1064 1172 1200 1222 inopia,

116 1235 304 1273 minuitur.
364 1235 452 1280 Sed,
481 1245 678 1286 postquam
707 1236 757 1273 L.
782 1235 896 1279 Sulla,
925 1235 1031 1272 armis
1050 1246 1198 1287 recepta

115 1299 318 1350 republica,
337 1301 442 1337 bonis
461 1300 572 1337 initiis
591 1299 704 1336 malos
723 1309 873 1337 eventus
893 1300 1046 1345 habuit3
1074 1315 1198 1351 rapere

114 1377 253 1409 omnes,
267 1364 423 1409 trahere,
439 1365 587 1402 domum
604 1363 708 1408 alius,
727 1363 817 1401 alius
832 1378 940 1416 agros
955 1379 1089 1414 cupere
1104 1382 1114 1411 ;
1135 1381 1196 1404 ne-

113 1441 186 1478 que
197 1428 368 1473 modurn,
384 1442 504 1479 neque
524 1428 753 1472 modestiam,
778 1429 933 1465 victores
953 1429 1098 1474 habere,
1117 1429 1196 1466 foe-

112 1493 161 1530 da
173 1494 407 1545 crudeliaque
422 1494 456 1530 in
472 1493 612 1531 civibus
632 1492 791 1530 facinora
807 1492 937 1530 facere.
983 1493 1075 1531 Huc
1091 1507 1195 1532 acce-

112 1557 238 1602 debat,
251 1558 353 1609 quod
369 1558 419 1596 L.
437 1557 538 1596 Sulla
552 1558 766 1601 exercitum,
783 1571 891 1607 quem
904 1557 938 1593 in
955 1558 1089 1594 Asiam
1104 1559 1194 1596 duc-

112 1631 265 1667 taverat,
295 1636 369 1673 quo
390 1623 457 1660 sibi
477 1622 591 1659 fidum
611 1621 760 1666 faceref,
780 1631 908 1659 contra
927 1636 1064 1661 morem
1079 1626 1192 1676 majo-

109 1701 190 1724 rum
215 1687 400 1725 luxuriose
429 1687 606 1737 nimisque
632 1686 828 1724 liberaliter
855 1687 1060 1733 habuerat3
1107 1688 1190 1726 loca

109 1764 272 1797 amoena,
291 1751 510 1802 voluptaria,
530 1750 635 1788 facile
651 1750 684 1788 in
700 1751 778 1788 otio
794 1750 924 1788 ferocis
940 1752 1095 1789 militum
1115 1753 1191 1789 ani-

108 1829 188 1854 mos
199 1815 438 1854 molliverant.
457 1815 516 1853 Ibi
529 1815 688 1866 primum
700 1815 853 1852 insuevit
865 1816 1046 1853 exercitus
1059 1817 1187 1866 populi

110 1881 268 1921 Romani
287 1895 419 1927 amare,
447 1890 606 1932 potare3
636 1881 753 1931 signa,
779 1880 925 1917 tabulas
945 1881 1076 1930 pictas,
1105 1895 1187 1918 vasa

105 1946 245 1984 caelata
271 1947 418 1992 mirari3
446 1960 488 1984 ea
516 1945 684 1996 privatim
703 1958 745 1981 ac
774 1944 921 1994 publice
941 1958 1095 1995 rapere3
1124 1946 1187 1983 de-

104 2009 209 2049 lubra
241 2011 394 2062 spoliare
412 2027 422 2056 ;
457 2024 557 2048 sacra
593 2008 819 2059 profanaque
851 2009 971 2046 omnia
1003 2009 1180 2059 polluere.

107 2075 232 2127 Igitur
258 2077 296 2114 hi
325 2076 469 2119 milites,
498 2084 696 2125 postquam
716 2074 905 2111 victoriam
933 2076 1057 2125 adepti
1087 2086 1184 2120 sunt,

107 2140 196 2180 nihil
228 2140 357 2193 reliqui
386 2140 490 2179 victis
521 2138 653 2177 fecere.
707 2155 710 2158 ·
735 2139 887 2191 Quippe
920 2141 1098 2179 secundae
1132 2155 1185 2179 res

683 2203 715 2240 B
