1451 2719
364 348 679 389 SALLUSTII
709 347 1048 388 JUGURTHA.
1166 349 1239 384 155

164 461 310 513 grandis
332 461 402 499 ilex
435 462 618 499 coaluerat
651 462 743 499 inter
771 474 866 505 saxa,
896 458 1093 509 paullulum
1126 458 1235 494 modo

162 539 290 577 prona,
319 526 399 563 dein
431 526 535 571 flexa,
565 536 674 576 atque
702 535 808 563 aucta
827 526 861 562 in
893 524 1133 566 altitudinem,
1162 537 1235 572 quo

162 600 295 628 cuncta
320 591 550 642 gignentium
578 600 705 628 natura
733 590 830 628 fert:
862 592 964 641 cujus
984 588 1089 624 ramis
1110 588 1234 631 modo,

164 655 276 692 modo
295 655 533 693 eminentibus
553 655 658 699 saxis,
685 655 793 698 nisus,
826 653 945 705 Ligus
964 651 1100 689 castelli
1121 651 1235 701 plani-

164 719 252 756 tiem
276 720 485 770 perscribit,
515 721 614 770 quod
633 719 756 757 cuncti
781 718 961 756 Numidae
981 716 1108 753 intenti
1130 729 1236 765 proe-

162 781 334 820 liantibus
364 785 524 822 aderant.
583 783 795 833 Exploratis
824 782 1005 825 omnibus,
1037 793 1127 830 quae
1148 793 1233 816 mox

162 847 242 884 usui
262 847 339 884 fore
358 847 528 891 ducebat,
547 848 671 885 eadem
686 846 903 899 regreditur,
923 859 994 881 non
1009 853 1158 888 temere,
1179 844 1234 880 uti

162 911 384 955 escenderat,
417 912 478 949 sed
515 921 657 949 tentans
689 911 820 954 omnia,
857 919 894 947 et
927 908 1231 958 circumspiciens.

166 975 297 1025 Itaque
323 975 480 1013 Marium
502 991 654 1027 propere
674 976 762 1019 adit,
782 984 863 1012 acta
882 975 1026 1017 edocet,
1051 973 1233 1016 hortatur,

162 1039 208 1076 ab
227 1053 269 1077 ea
287 1049 403 1090 parte,
434 1054 505 1091 qua
533 1042 609 1091 ipse
627 1041 849 1083 escenderat,
879 1037 1066 1076 castellum
1085 1046 1204 1074 tentet
1222 1052 1231 1074 :

162 1103 358 1152 pollicetur
377 1118 451 1141 sese
471 1105 607 1142 itineris
635 1104 858 1154 periculique
883 1103 1025 1140 ducem.
1096 1101 1236 1139 Marius

163 1181 246 1204 cum
280 1167 434 1219 Ligure,
468 1169 642 1218 promissa
671 1168 876 1220 cognitum,
909 1181 953 1204 ex
987 1166 1236 1216 praesentibus

162 1231 260 1268 misit
277 1246 286 1268 :
318 1245 472 1281 quorum
492 1233 546 1269 uti
566 1235 740 1283 cujusque
760 1232 944 1283 ingenium
972 1241 1062 1274 erat,
1092 1231 1142 1267 ita
1161 1243 1235 1267 rem

164 1294 348 1332 difficilem
377 1306 440 1333 aut
465 1295 607 1333 facilem
628 1295 851 1333 nunciavere.
909 1294 1078 1333 Consulis
1097 1294 1235 1331 animus

163 1368 283 1397 tamen
299 1359 461 1410 paullum
475 1371 648 1398 arrectus.
693 1361 838 1410 Itaque,
851 1375 897 1398 ex
913 1360 1019 1410 copia
1033 1360 1235 1397 tubicinum

164 1434 202 1462 et
230 1424 464 1470 cornicinum,
494 1439 641 1463 numero
667 1426 827 1476 quinque
855 1439 962 1476 quam
981 1426 1236 1463 velocissumos

165 1488 316 1539 delegit,
331 1497 369 1525 et
383 1502 466 1526 cum
482 1489 550 1533 his,
566 1491 743 1539 praesidio
759 1490 821 1540 qui
835 1490 968 1534 forent,
984 1499 1141 1540 quatuor
1155 1504 1239 1527 cen-

166 1552 353 1591 turiones:
383 1553 499 1590 omnis
529 1553 662 1605 Liguri
691 1568 815 1603 parere
828 1554 949 1607 jubet,
976 1562 1014 1590 et
1033 1554 1065 1591 ei
1086 1555 1236 1605 negotio

166 1630 385 1667 proxumum
405 1617 499 1654 diem
519 1617 724 1654 constituit.

221 1747 372 1785 XCIV.
424 1747 519 1791 SED,
551 1747 612 1784 ubi
639 1761 683 1784 ex
712 1755 908 1798 praecepto
937 1756 1083 1797 tempus
1109 1746 1236 1790 visum,

167 1811 302 1860 paratis
331 1811 614 1861 compositisque
646 1811 826 1856 omnibus,
864 1813 910 1849 ad
941 1810 1062 1849 locum
1098 1811 1233 1862 pergit.

169 1874 343 1912 Ceterum
372 1874 422 1911 illi
451 1875 513 1925 qui
542 1875 712 1912 centuriis
740 1885 941 1926 praeerant,
974 1875 1163 1926 praedocti
1191 1875 1236 1911 ab

168 1938 275 1983 duce,
311 1951 407 1975 anna
438 1948 678 1989 ornatumque
710 1948 948 1984 mutaverant,
980 1939 1099 1990 capite
1127 1948 1238 1989 atque

169 2003 323 2053 pedibus
343 2003 460 2047 nudis,
492 2003 545 2040 uti
565 2012 795 2054 prospectus,
815 2005 983 2054 nisusque
1002 2017 1067 2054 per
1086 2017 1169 2041 saxa
1188 2002 1242 2039 fa-

168 2066 272 2104 cilius
291 2065 411 2104 foret:
442 2080 550 2117 super
567 2076 672 2119 terga
694 2068 819 2119 gladii,
838 2078 875 2106 et
895 2078 998 2105 scuta
1015 2083 1025 2114 3
1056 2081 1178 2104 verum
1197 2079 1241 2104 ea

170 2130 367 2168 Numidica
385 2145 432 2168 ex
451 2131 571 2175 coriis,
592 2132 762 2182 ponderis
781 2133 897 2184 gratia
917 2131 1033 2177 simul,
1053 2141 1090 2169 et
1109 2131 1246 2168 offensa

170 2208 244 2245 quo
272 2193 383 2234 levius
413 2204 628 2246 streperent.
688 2196 812 2248 Igitur
839 2196 1094 2250 praegrediens
1127 2194 1252 2245 Ligus

651 2260 691 2299 U
721 2263 746 2298 2
