1451 2657
498 213 808 254 INDEX.
1119 217 1191 254 251

163 329 209 367 ab
229 326 335 366 Aulo
369 326 572 372 obsidetur,
600 337 638 365 ct
672 341 734 377 spe
765 326 943 377 pactionis
976 325 1188 377 relinquitur

166 396 230 437 99,
264 395 349 430 100.

111 456 292 508 Syphacis
311 455 410 506 capti
431 469 584 507 regnum
605 454 816 494 Masinissae
836 455 933 492 dono
954 455 1055 492 dedit
1071 469 1187 505 popu-

162 520 218 558 lus
241 521 353 558 Rom.
373 523 438 559 65.

114 585 242 636 Syrtes
263 585 369 630 duae,
389 585 482 622 inter
501 598 590 635 quas
607 584 740 635 Leptis
759 593 796 621 et
813 582 1015 622 PhilaenOn
1031 597 1110 620 arae
1125 585 1186 622 81.

629 702 667 740 Τ

111 779 396 825 ΤΔιιρυικιυε
418 779 464 816 ad
485 778 681 817 Catilinam
709 777 956 828 proficiscens,
987 791 1032 814 ex
1063 777 1191 815 itinere

163 853 357 888 reti-actus,
386 844 476 880 dicit
499 857 535 880 se
559 843 604 880 de
638 843 885 894 conjuratione
919 841 1190 886 indicaturum3

166 908 337 946 Crassum
356 908 531 951 nominat,
545 916 597 952 et,
618 907 739 944 indicii
760 905 839 943 falsi
858 915 1063 956 suspectus,
1088 906 1193 944 Cice-

165 986 251 1009 rone
272 971 497 1015 consulente,
526 971 560 1007 in
581 971 721 1008 vincula
740 970 933 1022 conjicitur
954 973 1016 1008 88.

112 1036 247 1080 Thala,
277 1036 471 1074 Numidiae
490 1037 682 1086 oppidum,
712 1035 774 1072 ubi
807 1035 1012 1086 Jugurthae
1031 1035 1189 1074 thesaur.

169 1104 256 1139 1341.
286 1114 307 1137 a
327 1099 484 1138 Metello
505 1109 741 1152 expugnatur
765 1103 852 1138 136.

112 1164 320 1211 Thirmida,
335 1165 529 1215 oppidum,
545 1164 607 1201 ubi
625 1163 819 1214 Hiempsal
831 1164 972 1201 occisus
985 1165 1114 1208 est70‚
1128 1166 1190 1204 71.

113 1229 256 1266 Tiberii
277 1229 433 1266 Neronis
452 1228 630 1266 sententia
649 1229 694 1266 de
713 1228 910 1280 conjuratis
931 1233 993 1267 41.

109 1292 337 1337 Tullianum,
365 1292 468 1330 locus
487 1293 522 1329 in
542 1306 698 1338 carcere,
719 1293 782 1331 ubi
801 1293 846 1333 de
867 1293 1033 1331 Lentulo
1052 1292 1193 1344 supplia

167 1358 264 1395 cium
286 1366 446 1394 sumtum
464 1366 519 1395 est
540 1359 603 1395 52.

116 1421 308 1471 Turpilius
326 1422 455 1472 Vagae
488 1421 710 1471 praefectus,
738 1432 866 1459 coorta
885 1421 1075 1466 seditione,
1103 1434 1196 1459 unus

166 1500 212 1524 ex
233 1486 402 1523 omnibus
425 1485 564 1523 Italicis
584 1485 754 1537 profugit
786 1487 946 1524 intactus
984 1489 1073 1532 128,
1104 1489 1193 1528 129.

163 1553 282 1602 jussus
303 1564 322 1587 a
342 1549 500 1587 Metello
520 1563 666 1586 causam
690 1550 823 1595 dicere,
855 1551 1132 1597 condemnatur,
1158 1560 1197 1589 et

167 1616 289 1666 capite
308 1628 445 1665 poenas
465 1614 570 1651 solvit
596 1617 682 1652 130.

627 1734 662 1771 V

119 1808 261 1855 VAGA,
282 1810 402 1848 forum
421 1823 539 1848 rerum
558 1809 736 1846 venalium
751 1809 866 1847 totius
885 1810 1080 1849 Numidiae
1100 1825 1200 1849 max-

172 1874 241 1912 ime
261 1874 485 1913 celebratum
499 1889 510 1918 ς
531 1888 605 1923 quo
621 1874 839 1923 praesidium
853 1874 1006 1924 imponit
1022 1874 1199 1914 Metellus

177 1942 264 1978 108.
281 1940 483 1992 Vagenses,
497 1938 681 1975 seditionis
703 1938 765 1981 rei,
780 1939 983 1988 puniuntur
1001 1942 1089 1985 129,
1112 1942 1199 1978 130.

120 1998 288 2041 Valerius
309 2003 464 2041 Flaccus
483 2013 521 2040 et
542 2002 588 2040 C.
610 2002 803 2039 Pomtinus
827 2013 1011 2052 praetores
1029 2004 1064 2041 in
1085 2013 1197 2054 ponte
