1451 2719
320 297 633 336 SALLUSTII
663 296 1002 337 JUGURTHA.
1118 300 1192 336 123

117 406 167 445 illi
187 417 329 445 senatus
351 409 615 460 impunitatem,
644 420 681 447 et
710 423 771 447 sua
800 409 930 452 omnia,
958 408 1191 453 concederet,

115 470 221 508 facile
251 471 430 510 Numidae
459 474 663 523 persuadet,
691 487 775 511 cum
795 472 940 524 ingenio
960 471 1085 514 infido,
1113 481 1192 507 tum

114 536 302 580 metuenti,
335 551 391 580 ne,
421 538 448 574 si
478 552 547 587 pax
577 552 660 575 cum
694 538 865 575 Romanis
886 537 1001 580 fieret,
1030 537 1107 586 ipse
1127 549 1192 585 per

115 599 342 637 conditiones
361 602 406 638 ad
427 602 646 651 supplicium
670 602 886 639 traderetur.

166 727 307 764 LXII.
341 728 398 770 Is,
420 729 480 764 ubi
501 730 654 777 primum
669 738 931 778 opportunum,
952 728 1190 779 Jugurtham,

113 791 272 834 anxium,
288 805 329 828 ac
347 791 572 828 miserantem
587 792 750 829 fortunas
766 806 859 836 suas,
875 792 1036 836 accedit;
1053 800 1191 837 monet,

112 865 221 905 atque
250 855 449 892 lacrumans
477 857 697 900 obtestatur,
726 856 779 893 uti
807 855 998 906 aliquando
1019 855 1085 892 sibi
1104 855 1192 892 libe-

113 918 245 968 risque,
272 928 309 956 et
329 919 430 969 genti
464 919 715 963 Numidarum,
744 929 894 970 optume
914 919 1078 962 merenti,
1107 933 1194 968 pro-

115 982 251 1019 videat:
273 983 440 1020 omnibus
460 983 603 1033 proeliis
619 998 693 1021 sese
709 984 838 1028 victos,
855 997 982 1035 agrum
998 992 1191 1028 vastatum,

113 1045 246 1082 multos
267 1046 426 1083 mortalis
445 1057 575 1097 captos
595 1058 657 1084 aut
677 1048 831 1092 occisos,
861 1049 962 1099 regni
983 1062 1071 1097 opes
1091 1061 1191 1084 corn-

111 1109 267 1147 minutas
295 1124 397 1147 esse:
428 1111 513 1147 satis
542 1125 646 1161 saepe
669 1115 743 1163 jam
771 1121 809 1148 et
829 1112 1000 1149 virtutem
1020 1111 1191 1156 militum,

111 1181 150 1210 et
168 1172 352 1210 fortunam
381 1183 587 1211 tentatam:
618 1184 774 1219 caveret,
805 1190 862 1219 ne,
891 1176 952 1212 illo
981 1185 1191 1220 cunctante,

117 1237 300 1275 Numidae
320 1237 387 1274 sibi
407 1237 608 1274 consulant.
669 1238 743 1275 His
772 1248 882 1289 atque
902 1239 1036 1276 talibus
1055 1239 1129 1275 aliis
1149 1239 1195 1276 ad

113 1300 335 1337 deditionem
367 1301 461 1352 regis
495 1301 651 1338 animum
684 1301 848 1352 impellit.
907 1303 1115 1340 Mittuntur
1147 1303 1195 1340 ad

112 1366 366 1416 imperatorem
385 1365 511 1416 legati,
539 1366 763 1417 Jugurtham
790 1367 965 1416 imperata
995 1367 1192 1412 facturum,

113 1442 154 1466 ac
175 1429 248 1466 sine
268 1429 340 1466 ulla
367 1430 536 1479 pactione
566 1443 640 1467 sese
668 1445 892 1481 regnumque
922 1431 1079 1467 suumin
1099 1430 1194 1466 illius

114 1494 223 1530 fidem
251 1494 405 1530 tradere.
464 1492 640 1531 Metellus
669 1508 821 1544 propere
851 1504 1004 1531 cunctos
1025 1494 1195 1531 senatorii

115 1558 249 1595 ordinis
268 1572 312 1594 ex
334 1557 489 1594 hibernis
509 1557 668 1594 arcessiri
683 1558 814 1608 jubet:
843 1571 982 1601 eorum,
1003 1566 1113 1607 atque
1133 1557 1197 1594 ali-

115 1636 233 1667 orum,
262 1636 354 1672 quos
373 1622 522 1658 idoneos
543 1621 716 1665 ducebat,
744 1621 934 1658 consilium
953 1622 1076 1658 habet.
1136 1622 1196 1658 Ita

115 1701 214 1724 more
237 1690 426 1738 majorum,
455 1701 500 1724 ex
529 1685 667 1723 consilii
696 1686 857 1729 decreto,
887 1701 952 1736 per
969 1686 1112 1738 legatos
1131 1687 1197 1725 Ju-

116 1753 273 1804 gurthae
293 1752 446 1802 imperat
467 1751 608 1802 argenti
637 1750 760 1800 pondo
789 1751 947 1787 ducenta
975 1750 1096 1794 millia,
1126 1751 1197 1788 ele-

116 1817 274 1867 phantos
306 1816 437 1859 omnis,
469 1828 646 1865 equorum
678 1824 715 1852 et
749 1828 927 1851 armorum
956 1814 1193 1864 aliquantum.

117 1883 224 1936 Quae
252 1891 447 1931 postquam
477 1880 549 1916 sine
570 1893 669 1916 mora
698 1878 794 1916 facta
815 1888 912 1923 sunt,
935 1879 1042 1930 jubet
1071 1893 1195 1916 omnes

119 1946 293 1998 perfugas
312 1946 452 1983 vinctos
472 1944 603 1982 adduci
621 1959 630 1981 :
661 1957 785 1981 eorum
801 1957 931 1995 magna
950 1957 1049 1993 pars,
1066 1953 1107 1980 ut
1122 1946 1197 1995 jus-

121 2025 200 2048 sum
219 2020 309 2054 erat,
329 2010 478 2047 adducti
497 2025 507 2054 ;
537 2009 658 2059 pauci,
679 2023 762 2046 cum
782 2009 938 2058 primum
956 2009 1094 2045 deditio
1116 2023 1196 2046 coe-

117 2074 187 2125 pit,
215 2075 260 2112 ad
287 2088 410 2126 regem
441 2073 632 2111 Bocchum
669 2072 702 2108 in
729 2072 986 2110 Mauritaniam
1016 2073 1189 2110 abierant.

121 2138 243 2190 Igitur
266 2139 289 2177 J
293 2139 465 2189 ugurtha,
496 2138 556 2174 ubi
577 2136 682 2174 armis
702 2137 855 2188 virisque
873 2148 911 2176 et
940 2138 1092 2188 pecunia
1112 2151 1195 2187 spo-

607 2202 700 2250 Q‘Z
