1451 2719
321 321 632 362 SALLUSTII
661 322 997 363 JUGURTHA.
1114 321 1181 364 171

122 433 208 471 tiam
223 446 316 471 nunc
331 435 539 479 decrevisse,
556 436 616 473 sed
631 436 691 472 illo
707 436 763 473 die
778 448 1041 486 responsurum.
1074 434 1190 472 Dein-

121 497 167 534 de
186 498 293 535 ambo
308 499 342 535 in
358 512 421 535 sua
440 509 557 536 castra
572 500 734 551 digressi.
794 500 880 542 Sed,
902 499 961 536 ubi
979 498 1189 548 plerumque

123 561 240 598 noctis
260 563 450 611 processit,
482 563 581 600 Sulla
600 577 619 599 a
642 563 791 601 Boccho
810 562 954 600 occulte
973 563 1160 599 arcessitur
1176 578 1186 599 ε

119 625 166 662 ab
185 635 341 676 utroque
361 628 612 664 tantummodo
628 628 690 664 fidi
712 628 924 676 interpretes
944 626 1184 663 adhibentur:

118 700 302 739 praeterea
323 691 450 728 Dabar
468 692 725 735 internuncius,
746 700 889 727 sanctus
904 690 968 734 vir,
988 698 1026 726 et
1045 703 1089 727 ex
1110 703 1188 727 sen-

119 753 233 790 tentia
251 755 438 791 ambobus.
497 755 561 792 Ac
581 755 703 791 statim
723 754 771 791 sic
792 767 852 790 rex
872 753 998 803 incipit
1016 768 1025 790 ε

177 882 264 920 CX.
309 891 334 908 ‘⁴
360 883 590 927 NUMQUAM'
613 898 684 935 ego
704 892 802 920 ratus
822 897 899 920 sum
918 881 1008 927 fore,
1039 883 1105 927 uti,
1125 897 1187 922 rex

119 957 307 982 maxumus
325 946 360 982 in
381 947 447 983 hac
468 956 575 989 terra,
595 949 632 983 et
648 947 805 983 omnium
821 961 912 996 quos
932 946 1027 990 novi,
1048 947 1187 995 privato

121 1010 256 1047 homini
276 1011 429 1062 gratiam
449 1012 628 1048 deberem.
688 1012 740 1048 Et
760 1011 893 1054 hercle,
916 1009 1028 1053 Sulla,
1049 1019 1131 1047 ante
1151 1020 1188 1047 te

120 1074 325 1125 cognitum,
341 1074 462 1111 multis
477 1075 676 1118 orantibus,
696 1073 771 1111 aliis
787 1074 896 1118 ultro,
916 1084 1062 1124 egomet
1082 1087 1189 1123 opem

119 1137 201 1182 tuli,
221 1138 350 1175 nullius
369 1139 520 1189 indigui.
554 1139 598 1175 Id
613 1138 856 1182 imminutum,
877 1137 975 1187 quod
995 1138 1105 1174 ceteri
1125 1139 1191 1174 do-

117 1200 189 1238 lere
209 1201 339 1245 solent,
358 1216 429 1252 ego
448 1201 563 1238 laetor
580 1217 589 1239 :
621 1201 729 1238 fuerit
758 1201 844 1237 mihi
872 1201 1012 1251 eguisse
1032 1200 1190 1250 aliquan-

119 1264 169 1302 do
188 1264 364 1302 amicitiae
383 1273 480 1308 tuae,
507 1278 577 1314 qua
596 1264 694 1315 apud
713 1264 868 1300 animum
888 1277 1005 1300 meum
1026 1261 1112 1299 nihil
1132 1277 1191 1300 ca-

120 1329 193 1366 rius
219 1330 348 1366 habeo.
408 1330 453 1366 Id
485 1330 575 1366 adeo
607 1329 761 1379 experiri
794 1328 879 1364 licet
898 1342 906 1365 :
942 1341 1051 1371 arma,
1084 1327 1190 1371 viros,

119 1393 323 1444 pecuniam,
354 1402 539 1443 postremo
571 1394 748 1444 quidquid
777 1394 894 1430 animo
928 1392 1044 1435 lubet,
1077 1406 1190 1437 sume,

120 1467 247 1495 utere:
277 1466 329 1501 et,
353 1458 474 1508 quoad
493 1458 602 1502 vives,
629 1470 822 1507 numquam
841 1457 1017 1495 redditam
1037 1458 1192 1508 gratiam

120 1521 328 1572 p‘utaveris:
359 1535 498 1570 semper
527 1519 624 1571 apud
651 1535 707 1558 me
735 1521 876 1572 integra
907 1521 1002 1558 erit:
1038 1521 1192 1570 denique

121 1585 222 1630 nihil,
243 1599 299 1622 me
319 1586 466 1629 sciente,
487 1585 618 1622 frustra
637 1585 745 1622 voles.
805 1585 913 1629 Nam,
933 1594 973 1622 ut
988 1599 1059 1636 ego
1075 1594 1194 1622 aestu-

121 1663 194 1694 mo,
214 1663 337 1701 regem
357 1649 474 1693 armis,
496 1662 602 1698 quam
618 1649 872 1693 munificentia,
893 1649 984 1686 vinci
1000 1649 1114 1686 minus
1131 1649 1194 1686 fla-

120 1715 306 1767 gitiosum.
363 1715 537 1753 Ceterum
557 1714 600 1751 de
621 1728 657 1751 re
682 1714 828 1764 publica
847 1722 976 1757 vestra,
1008 1716 1109 1766 cujus
1129 1728 1193 1752 cu-

121 1788 220 1816 rator
251 1778 323 1814 huc
357 1777 482 1814 missus
514 1792 564 1821 es,
597 1778 720 1828 paucis
753 1778 888 1827 accipe.
948 1775 1089 1814 Bellum
1121 1792 1191 1829 ego

120 1841 260 1893 populo
292 1841 458 1878 Romano
479 1855 594 1890 neque
614 1840 697 1884 feci,
727 1855 841 1890 neque
863 1839 1001 1877 factum
1021 1854 1192 1891 umquam

121 1906 242 1943 v'olui:
265 1905 344 1942 finis
358 1919 456 1942 meos
471 1906 660 1942 advorsum
682 1909 837 1941 armatos
856 1904 960 1941 armis
979 1913 1080 1941 tutus
1100 1919 1190 1942 sum.

125 1970 172 2008 Id
187 1970 333 2013 omitto,
355 1970 500 2019 quando
521 1970 621 2006 vobis
640 1970 691 2006 ita
709 1968 828 2018 placet
847 1984 856 2006 ε
887 1970 1015 2020 gerite,
1044 1970 1097 2006 uti
1119 1970 1195 2006 vol-

122 2035 183 2078 tis,
203 2047 286 2071 cum
306 2034 492 2085 Jugurtha
510 2033 658 2070 bellum.
709 2033 795 2084 Ego
812 2032 943 2069 flumen
965 2032 1192 2078 Mulucham,

124 2099 224 2148 quod
239 2099 333 2136 inter
347 2112 402 2135 me
418 2107 454 2135 et
475 2098 670 2147 Micipsam
691 2096 774 2141 fuit,
794 2111 863 2133 non
883 2097 1058 2147 egrediar,
1079 2111 1195 2147 neque

619 2171 708 2207 ΥΞ
