1497 2689
211 290 266 331 78
403 291 716 330 SALLUSTII
746 290 1093 330 JUGURTHA:

263 403 376 439 XVI.
408 404 538 440 chvr
558 412 677 440 tamen
706 403 739 439 in
761 414 885 441 senatu
908 418 990 454 pars
1009 403 1081 446 illa,
1110 402 1172 452 qui
1191 393 1288 440 verd‘

206 467 363 516 pretium
392 476 454 504 aut
482 468 634 518 gratiam
667 467 927 505 anteferebant.
985 468 1190 505 Decretum
1218 467 1290 512 fit,'

211 544 283 567 υτι
325 544 463 568 DECEM
503 544 661 568 ιΕοΛτι
705 545 900 575 REGNUM,
944 545 1058 576 ouon
1101 543 1275 569 MICIPSA

209 608 504 639 οΒτιΝυΕκΑτ,
538 609 664 632 nvi-ER
691 609 961 641 JUGURTHAM
988 610 1038 633 ET
1062 608 1279 636 ADHERBAv

210 673 292 696 LEM
331 673 591 697 Divinam-:NT
611 675 620 697 ε
651 662 752 711 cujus
784 659 974 711 legationis
1006 660 1174 709 princeps
1203 658 1276 696 fuit

206 723 256 760 L.
279 724 462 773 Opimius,
492 724 602 760 homo
622 723 751 767 clarus,
776 732 813 760 et
832 732 912 760 tum
931 723 966 759 in
987 731 1112 760 senatu
1131 733 1276 773 potens,

205 788 302 836 quia,
322 787 461 831 consul,
483 788 529 824 C.
552 788 700 825 Gracco
719 796 757 823 et
777 787 834 824 M.
858 787 987 824 Fulvio
1014 786 1146 824 Flacco
1165 788 1282 824 inter-'

203 850 322 895 fectis,
351 863 533 888 acerrume
553 851 740 887 victoriam
768 851 965 888 nobilitatis
984 851 1019 887 in
1047 851 1192 900 plebem
1210 864 1274 888 ex-

203 923 378 951 ercuerat.
437 915 534 951 Eum
553 916 575 952 J
579 915 752 965 ugurtha,
771 915 915 951 tametsi
939 915 1078 951 Romae
1096 915 1133 950 in
1151 914 1273 951 amicis

202 979 391 1022 habuerat,
404 987 524 1015 tamen
537 979 819 1015 adcuratissume
832 979 989 1028 recepit:
1011 979 1131 1016 dando
1143 987 1181 1015 et
1193 978 1278 1028 pol-'

200 1041 372 1078 licitando
395 1041 563 1091 perfecit,
583 1042 637 1078 uti
655 1041 763 1085 fama,
792 1042 876 1086 fide,
903 1052 1088 1092 postremo
1107 1042 1274 1079 omnibus

201 1106 273 1142 suis
303 1107 410 1143 rebus
439 1106 672 1142 commodum
705 1107 800 1157 regis
829 1106 1034 1143 anteferret.
1096 1105 1273 1155 Reliquos

200 1169 341 1219 legatos
359 1170 484 1206 eadem
499 1170 554 1206 via
572 1170 776 1220 adgressu3‚
795 1169 987 1219 plerosque
1002 1170 1101 1219 capit
1116 1185 1125 1207 :
1147 1171 1273 1220 paucis

199 1234 317 1270 carior
335 1234 437 1277 fides,
457 1247 566 1283 quam
585 1234 752 1283 pecunia,
774 1233 858 1271 fuit.
909 1235 951 1271 In
973 1235 1158 1279 divisione,
1179 1243 1279 1285 quae'

200 1313 282 1349 pars
303 1299 496 1337 Numidiae
517 1298 774 1335 Mauritaniam
793 1300 965 1350 adtingit,
986 1313 1088 1350 agro,
1117 1300 1212 1344 viris,
1233 1314 1275 1336 o-

199 1363 394 1413 pulentior,
413 1364 435 1400 J
439 1363 619 1414 ugurthae
639 1363 818 1400 traditur:
841 1363 937 1399 illam
957 1363 1120 1408 alteram,
1139 1365 1275 1413 specie,

199 1441 307 1477 quam
337 1441 417 1471 usu,
445 1427 642 1476 potiorem,
671 1440 763 1475 quae
796 1427 1006 1477 portuosior
1032 1436 1071 1464 et
1099 1427 1273 1466 aedificiis

198 1491 312 1542 magis
331 1499 505 1528 exornata
523 1499 613 1535 erat,
643 1490 838 1527 Adherbal
856 1490 1030 1540 possedit.

270 1610 410 1647 XVII.
462 1609 547 1646 REs
582 1609 766 1659 postulare
798 1609 943 1647 videtur
978 1608 1132 1647 Africae
1162 1610 1270 1647 situm

197 1675 321 1725 paucis
339 1687 534 1723 exponere,
553 1682 590 1710 et
605 1687 664 1710 eas
683 1673 815 1725 gentis,
835 1674 1052 1723 quibuscum
1070 1674 1174 1711 nobis
1193 1674 1272 1711 bel-

195 1740 285 1783 lum,
306 1748 370 1775 aut
389 1737 547 1789 amicitia
566 1736 651 1781 fuit,
671 1738 869 1790 adtingere.
916 1739 1002 1783 Sed,
1022 1753 1114 1788 quae
1131 1738 1214 1777 loca
1232 1749 1270 1777 et

197 1805 359 1840 nationes
377 1801 619 1846 olrcalorem,¹
644 1811 707 1839 aut
726 1803 970 1852 asperitatem,
996 1804 1085 1841 item
1105 1804 1272 1841 solitudi-

196 1883 272 1913 nes,
296 1868 414 1904 minus
433 1865 664 1916 frequentata
689 1877 787 1912 sunt,
815 1869 859 1906 de
879 1871 909 1906 is
929 1869 1026 1915 haud
1045 1869 1151 1907 facile
1170 1884 1272 1907 com-

197 1941 341 1983 pertum
359 1931 573 1967 narraverim
590 1946 599 1969 :
630 1940 749 1969 cetera
768 1946 877 1982 quam
896 1933 1132 1983 paucissumis
1151 1934 1271 1971 absol-

196 1991 289 2034 vam.
349 1996 393 2033 In
423 1995 595 2032 divisione
623 1996 720 2033 orbis
748 2005 863 2033 terrae
889 1997 1050 2047 plerique
1069 1998 1105 2034 in
1127 2007 1270 2048 partem

195 2061 339 2117 tertiam
354 2059 525 2099 Africam
538 2075 709 2111 posuere:
730 2063 852 2112 pauci,
866 2063 1120 2100 tantummodo
1134 2063 1268 2101 Asiam

195 2126 443 2175 et‘Europam
463 2138 540 2163 esse
552 2140 563 2172 ς
585 2125 648 2163 sed
666 2125 838 2176 Africam
852 2126 887 2164 in
909 2126 1072 2178 Europa.
1117 2127 1174 2165 Ea
1189 2127 1290 2173 finis(
