1497 2689
225 271 302 306 210
393 265 708 305 SALLUSTII
739 265 1126 308 FRAGMENTA.

229 390 436 428 prosperae,
467 377 495 413 si
515 390 596 414 vera
614 377 830 416 existumare
849 378 960 422 voles,
988 392 1153 416 maxume
1173 378 1301 417 horta,

228 442 378 479 buntur.
437 439 504 477 Ille
528 440 636 485 enirn,
665 442 858 486 obnoxius,
888 441 1029 491 qualem
1057 451 1099 479 tu
1117 441 1214 479 voles
1243 455 1301 479 so-

226 505 396 545 cietatem
416 505 570 555 accipiet
589 520 598 549 ;
634 505 720 541 mihi
741 504 901 549 fortuna,
931 505 1052 542 multis
1072 507 1178 543 rebus
1197 519 1302 555 erep-

227 570 288 613 tis,
307 582 413 606 usum
431 568 532 606 dedit
552 569 643 605 bene
663 568 834 605 suadendi
851 583 861 606 :
891 576 942 611 et,
968 568 1069 617 quod
1088 568 1300 606 florentibus

228 632 387 683 optabile
402 641 470 677 cst,
483 646 554 683 ego
568 646 638 669 non
652 632 899 669 validissumus
912 632 1067 681 praebeo
1079 632 1300 682 exemplum,

228 711 302 748 quo
320 697 453 734 rectius
473 704 537 732 tua
556 709 766 745 componas.
824 695 994 745 Namque
1020 695 1195 732 Romanis
1215 709 1299 732 cum

228 761 447 804 nationibus,
467 759 625 810 populis,
644 759 789 811 regibus
810 759 965 804 cunctis,
992 773 1063 796 una
1082 769 1120 797 et
1138 773 1180 797 ea
1198 769 1302 798 vetus

228 839 353 862 caussa
371 824 526 861 bellandi
542 833 611 868 est,
630 824 766 874 cupido
786 823 966 874 profunda
984 823 1136 873 imperii,
1155 833 1193 861 et
1213 824 1305 861 divi-

229 890 360 927 tiarum
376 905 386 934 ;
413 902 483 938 qua
502 889 658 938 primum
674 902 758 925 cum
772 902 857 939 rege
878 887 1139 932 Macedonum,
1164 888 1305 938 Philip-

230 969 293 1004 po,
312 953 447 991 bellum
468 966 636 990 sumsere.
682 953 787 990 Dum
802 966 822 989 a
842 952 1203 1003 Carthaginiensibus
1223 967 1304 1003 pre-

235 1019 438 1061 mebantur,
454 1017 647 1054 amicitiam
660 1016 878 1059 simulantes,
893 1017 924 1053 ei
940 1015 1207 1053 subvenientem
1222 1016 1308 1054 An-

232 1083 398 1120 tiochum
426 1081 657 1118 concessione
678 1081 794 1117 Asiae
822 1095 886 1130 per
905 1080 1029 1118 dolum
1049 1091 1206 1118 avertere
1224 1096 1235 1127 ;
1263 1095 1306 1119 ac

232 1162 331 1192 mox,
353 1155 474 1184 tracto
497 1145 685 1195 Philippo,
716 1144 932 1181 Antiochus
952 1144 1048 1181 omni
1067 1145 1118 1182 cis
1138 1145 1306 1190 Taurum

230 1227 320 1264 agro
352 1221 390 1249 et
425 1212 550 1248 decem
581 1209 738 1246 millibus
771 1208 992 1245 talentorum
1026 1208 1202 1257 spoliatus
1234 1218 1304 1246 est.

235 1279 367 1315 Persen
400 1274 542 1318 deinde,
574 1272 735 1322 Philippi
756 1271 882 1316 filium,
914 1280 998 1321 post
1018 1272 1131 1309 multa
1155 1283 1193 1310 et
1213 1274 1308 1310 varia

235 1340 445 1383 certamina,
474 1338 573 1388 apud
604 1336 857 1374 Samothracas
886 1336 972 1372 deos
1001 1345 1192 1386 acceptum
1211 1337 1246 1373 in
1268 1338 1310 1374 fi-

233 1407 328 1450 dem,
343 1404 475 1448 callidi,
495 1412 532 1439 et
548 1410 749 1451 repertores
763 1400 949 1449 perfidiae,
971 1400 1053 1449 quia
1068 1410 1179 1449 pacto
1195 1401 1307 1438 vitam

233 1471 421 1511 dederant,
440 1466 623 1504 insomniis
642 1464 820 1501 occidere.
866 1464 1083 1507 Eumenem,
1098 1467 1202 1515 cujus
1222 1466 1310 1501 ami-

233 1533 355 1571 citiam
373 1531 529 1583 gloriose
544 1537 743 1570 ostentant‚
764 1526 867 1563 initio
887 1527 1079 1576 prodidere
1098 1528 1308 1573 Antiocho,

234 1597 332 1648 pacis
351 1595 553 1633 mercedem
569 1609 578 1638 ;
600 1601 699 1642 post,
714 1590 907 1634 Attalum,
924 1591 1114 1628 custodem
1130 1591 1207 1642 agri
1223 1606 1311 1642 cap-

235 1662 313 1705 tivi,
344 1659 522 1697 sumtibus
552 1666 590 1694 et
621 1654 849 1693 contumeliis
878 1669 922 1691 ex
949 1669 1034 1706 rege
1061 1655 1310 1692 miserrumum

236 1738 418 1764 servorum
445 1722 624 1760 effecere:
664 1718 906 1769 simulatoque
934 1719 1045 1769 impio
1074 1728 1310 1767 testamento,

235 1791 348 1828 filium
375 1791 464 1840 ejus,
484 1784 754 1828 Aristonicum,
782 1783 867 1833 quia
893 1783 1051 1833 patrium
1070 1799 1223 1836 regnum
1244 1800 1310 1835 pe-

234 1855 375 1896 tiverat,
394 1851 556 1889 hostium
576 1863 674 1886 more
694 1862 758 1899 per
775 1847 1002 1897 triumphum
1022 1849 1172 1886 duxere.
1212 1849 1309 1886 Asia

236 1921 281 1957 ab
311 1918 396 1968 ipsis
427 1917 571 1953 obsessa
600 1923 655 1951 est
673 1929 682 1950 :
718 1920 902 1962 postremo
931 1921 1048 1949 totam
1084 1912 1310 1962 Bithyniam,

239 1982 439 2022 Nicomede
456 1988 615 2023 mortuo,
636 1977 828 2027 diripuere,
849 1990 930 2014 cum
953 1976 1045 2014 filius
1066 1977 1181 2021 Nusa,
1202 1991 1311 2027 quam

238 2048 398 2098 reginam
409 2041 837 2094 adpellaverant,genitus
849 2040 947 2077 haud
959 2040 1066 2078 dubie
1079 2050 1184 2078 esset.
1214 2041 1310 2079 Nam

241 2113 329 2162 quid
348 2125 418 2162 ego
439 2123 494 2147 me
514 2107 693 2158 appellem
713 2107 724 2144 ?
753 2119 874 2155 quem,
903 2104 1125 2156 disjunctum
1153 2105 1312 2157 undique
