1497 2689
266 302 342 340 192
433 299 748 339 SALLUSTII
779 299 1173 341 FRAGMENTA.

315 411 474 450 Militiae
493 412 643 463 peritus.
706 412 814 451 Idem.

315 477 511 522 Sertorius,
531 477 646 527 portis
665 477 811 514 turbam
831 477 1074 522 morantibus,
1093 486 1130 515 et
1151 477 1264 524 nullo,
1293 487 1333 517 ut

258 541 293 578 in
313 550 450 579 terrore
469 541 575 586 solet,
603 540 743 592 generis
771 549 834 578 aut
863 541 1000 591 imperii
1022 542 1239 588 discrimine,
1268 557 1334 593 per

257 606 425 644 calonum
444 619 610 656 corpora,
630 606 677 643 ad
695 605 852 642 medium
868 605 969 655 quasi
983 607 1175 658 deinsuper
1189 609 1334 646 adstan-

256 671 349 708 tium
368 671 531 707 manibus
551 670 584 706 in
606 684 748 707 murum
767 669 961 707 attollitur.
1020 672 1116 709 Non.
1158 674 1264 710 Serv.

309 736 441 786 Neque
456 736 623 772 detrusus
638 734 854 785 aliquotiens
867 743 1035 772 terretur.
1060 737 1179 774 Prisc.
1193 737 1249 775 lib.
1264 752 1328 775 xv.

308 798 508 838 Dubitavit
527 799 603 835 acie
623 812 717 848 pars.
775 798 883 836 Idem.

308 865 413 913 Quos
433 864 527 900 inter
545 876 723 901 maxume.
784 865 902 902 Caris.

308 928 473 966 Rumore
492 928 622 977 primo.
684 929 803 965 Caris.

309 993 415 1030 Idem
435 992 551 1030 fecere
574 984 753 1030 Octavius
767 1002 804 1030 et
821 995 871 1044 Q.
894 993 1034 1044 Caepio
1055 994 1128 1031 sine
1147 994 1247 1045 gravi
1268 1009 1330 1033 cu-

245 1061 415 1111 jusquam
443 1059 729 1108 exspectatione,
759 1073 875 1108 neque
904 1072 985 1095 sane
1013 1058 1138 1095 ambiti
1167 1058 1326 1108 publice.

250 1126 355 1164 Serv.
384 1124 436 1160 ud
458 1125 510 1160 iv.
540 1123 721 1160 Aeneidos.
777 1123 920 1161 Ambire
947 1123 1116 1174 signficat
1137 1133 1167 1160 et
1186 1139 1322 1174 rogare.

251 1189 434 1228 Sallustius
453 1191 486 1226 in
509 1189 689 1238 Jugurtha
706 1204 720 1225 .·
740 1232 743 1234 .
763 1189 855 1240 Quos
878 1203 936 1237 ego
954 1188 1057 1225 audio
1076 1189 1215 1232 ambire,
1231 1190 1328 1240 fati-

244 1269 334 1304 gare
348 1269 410 1291 vos
429 1253 591 1303 singulos.
639 1253 833 1290 Dicebatur
847 1261 877 1289 et
891 1253 998 1289 ambio
1013 1252 1117 1296 illum,
1138 1261 1212 1304 pro
1230 1268 1323 1303 rogo.

250 1318 432 1356 Sallustius
451 1318 485 1354 in
505 1319 529 1353 i.
588 1316 692 1370 Idem
712 1315 843 1360 fecere,
876 1320 946 1353 &c.

307 1382 402 1419 Cum
419 1395 498 1417 arae
517 1389 554 1417 et
574 1380 642 1416 alia
661 1380 728 1417 diis
757 1389 895 1417 sacrata
916 1379 1134 1429 supplicium
1153 1380 1324 1431 sanguine

247 1446 492 1483 foedarentur.
550 1445 658 1483 Idem.

302 1511 493 1548 Postremo
508 1509 606 1559 ipsos
625 1508 775 1545 colonos
794 1523 859 1558 per
878 1508 1035 1545 miserias
1049 1517 1087 1545 et
1103 1508 1240 1546 incerta
1256 1508 1326 1546 hu-

247 1575 340 1611 mani
360 1574 500 1626 generis
520 1588 633 1610 orare.
692 1573 786 1611 Idem
806 1574 857 1610 ad
872 1573 962 1610 illud
976 1589 1012 1609 x.
1033 1573 1215 1610 Aeneidos.

401 1647 470 1690 fler
491 1653 644 1682 eversae,
667 1640 815 1688 genitor,
832 1639 1011 1689 fumantia
1039 1638 1164 1688 Trojae

299 1704 473 1742 ,Exscidia
492 1704 646 1740 obtestor.

300 1768 359 1805 Ea
377 1768 516 1817 paucis,
541 1767 671 1818 quibus
690 1766 832 1817 peritia,
852 1775 888 1804 et
909 1781 1032 1804 verum
1047 1767 1232 1819 ingenium
1250 1775 1319 1812 est,

245 1831 498 1870 abnuentibus.
556 1831 666 1870 Idem.
1258 1839 1266 1842 “

299 1897 487 1947 Perpenna
501 1906 576 1934 tam
595 1897 719 1947 paucis
734 1896 936 1947 profectus,
961 1912 1042 1935 vera
1061 1907 1116 1937 est
1130 1898 1317 1936 aestiman-

246 1960 302 1998 da.
355 1962 448 2000 Idem
468 1962 519 2000 ad
535 1964 595 2001 xii.
616 1961 744 2000 Aneid.
765 1978 803 2000 v.
827 1965 916 2001 694.
