1451 2719
300 284 614 324 SALLUSTII
645 282 1032 323 FRAGMENTA.
1134 288 1208 324 199

142 406 267 435 nentur
283 411 293 434 x
323 409 405 433 nam
424 397 564 434 moenia
582 396 710 446 oppidi
730 396 961 446 stagnabant,
980 396 1212 433 redundanti-

143 463 211 500 bus
229 461 361 499 cloacis
380 462 531 498 advorso
550 470 652 498 aestu
671 460 788 497 man's.
845 461 940 497 Non.
959 461 993 497 in
1014 460 1165 498 Mador.

194 527 313 577 Equis
331 535 368 563 et
389 526 494 562 armis
513 525 704 563 decoribus
723 523 855 561 cultus.
928 525 1044 561 Prisc.
1075 524 1132 561 lib.
1157 527 1210 562 via

193 590 405 628 Dedecores
433 589 611 639 inultique
638 598 742 640 terga
761 589 806 626 ab
826 588 992 625 hostibus
1012 589 1213 626 caedeban-

140 664 213 692 tur.
274 654 382 692 Idem.

198 719 337 757 Contra
368 718 440 762 ille,
471 718 559 755 calvi
591 727 704 762 ratus,
735 717 931 767 quaerebat
961 731 1046 754 num
1075 718 1213 754 somnio

143 783 332 821 thesaurus
362 783 649 832 portenderetur.
706 782 815 826 Idem,
843 782 900 819 lib.
932 783 1009 819 viii.
1062 783 1156 820 Non.
1178 784 1212 822 in

148 847 325 884 Calvitur.

195 911 303 948 Parte
322 920 526 954 consumta,
546 910 682 961 reliqua
700 910 915 947 cadaverum
933 910 979 946 ad
998 910 1214 948 diuturnita-

142 984 215 1012 tem
235 988 320 1012 usus
340 973 517 1011 sallerent.
578 974 693 1011 Prisc.
715 973 771 1010 lib.
793 989 829 1010 x.

306 1115 486 1139 EPlsroLA
508 1114 568 1139 CN·
590 1115 750 1138 POMPEI!
768 1114 822 1139 AD
841 1114 1038 1140 SENATUM.

197 1226 236 1266 Si
255 1228 426 1265 advorsus
445 1241 522 1271 vos,
550 1228 789 1278 patriamque,
818 1237 855 1265 et
868 1228 955 1266 deos
974 1238 1134 1278 penates,
1154 1238 1212 1265 tot

146 1291 286 1330 labores
318 1303 356 1329 et
384 1292 545 1342 pericula
577 1292 823 1342 suscepissem,
852 1292 1020 1342 quotiens
1052 1306 1072 1329 a
1102 1293 1216 1342 prima

145 1354 387 1393 adolescentia
406 1356 520 1393 ductu
540 1369 620 1393 meo
640 1355 892 1393 scelestissumi
912 1356 1034 1393 hostes
1067 1354 1149 1399 susi,
1177 1364 1215 1392 et

143 1420 243 1456 vobis
263 1419 356 1457 salus
376 1419 537 1469 quaesita
556 1428 638 1464 est;
667 1418 755 1455 nihil
783 1418 935 1469 amplius
964 1420 999 1456 in
1031 1420 1215 1457 absentem

143 1496 200 1520 me
219 1482 447 1527 statuissetis,
467 1496 575 1532 quam
590 1482 709 1519 adhuc
728 1482 835 1533 agitis
856 1483 899 1520 P.
922 1484 968 1521 C.
989 1497 1111 1533 quem,
1130 1497 1217 1520 con-

142 1557 200 1584 tra
218 1556 374 1584 aetatem
393 1549 595 1598 projectum
615 1546 660 1583 ad
679 1546 814 1583 bellum
834 1546 1100 1590 saevissumum,
1132 1561 1216 1584 cum

143 1611 307 1648 exercitu
325 1619 477 1661 optume
497 1610 641 1654 merito,
670 1619 846 1660 quantum
868 1620 922 1647 est
954 1611 990 1647 in
1022 1611 1137 1654 vobis,
1165 1610 1219 1647 fa-

144 1689 215 1721 me,
235 1675 441 1712 miserruma
459 1675 618 1711 omnium
637 1683 769 1718 morte,
796 1674 1017 1712 confecistis.
1075 1675 1161 1712 Hac
1181 1675 1217 1711 in

104 1753 108 1758 ’
145 1753 207 1789 spe
228 1739 386 1790 populus
410 1739 458 1776 R.
480 1738 612 1775 liberos
632 1751 715 1774 suos
743 1737 789 1774 ad
807 1737 942 1775 bellum
975 1738 1070 1775 misit
1088 1739 1100 1776 ?
1128 1739 1217 1776 haec

145 1811 229 1839 sunt
249 1802 404 1852 praemia
424 1816 491 1852 pro
511 1801 728 1845 volneribus,
757 1810 794 1838 et
827 1802 961 1839 totiens
980 1802 1028 1839 ob
1048 1803 1219 1852 rempub-

144 1866 249 1903 licam
278 1865 359 1902 fuso
389 1865 590 1917 sanguine?
634 1865 763 1902 Fessus
783 1865 991 1909 scribundo,
1019 1866 1219 1903 mittundo-

144 1944 216 1980 que
235 1929 390 1980 legatos,
419 1943 542 1966 omnes
561 1942 650 1978 opes
663 1938 701 1965 et
721 1943 802 1978 spes
829 1929 984 1978 privatas
1005 1943 1099 1967 meas
1132 1944 1219 1967 con-

146 1993 255 2030 sumsi
272 2008 284 2038 ;
313 2006 396 2030 cum
415 1992 556 2030 interim
576 2007 595 2029 a
616 1992 716 2029 vobis
735 2006 800 2043 per
819 1992 1009 2030 triennium
1028 1993 1086 2031 vix
1105 2007 1222 2031 annu-

147 2070 188 2095 us
207 2065 345 2093 sumtus
364 2056 470 2094 datus
497 2066 564 2093 est.
622 2057 692 2094 Per
723 2056 811 2094 deos
843 2056 1065 2102 immortalis,
1094 2067 1217 2095 utrum

148 2120 300 2179 censetis
320 2133 377 2159 me
396 2120 510 2158 vicem
529 2120 652 2158 aerarii
671 2129 866 2170 praestare,
893 2134 938 2158 an
956 2121 1154 2159 exercitum
1172 2121 1222 2160 si-
