1497 2689
196 306 247 342 68
393 299 709 339 SALLUSTII
737 298 1080 339 JUG-URTHA.

256 415 331 451 IX.
355 415 425 451 Sic
442 413 602 457 locutus,
623 426 705 449 cum
720 412 863 457 litteris,
883 426 973 462 quas
994 410 1173 460 Micipsae
1190 408 1275 446 red-

200 479 316 522 deret,
347 477 494 514 dimisit.
532 478 671 514 Earum
701 477 879 513 sententia
909 477 997 513 haec
1018 486 1122 513 erat:
1153 481 1180 499 “
1207 474 1276 511 Ju-

203 544 359 594 gurthae
379 543 434 580 tui
464 541 560 579 bello
591 542 818 579 Numantino
837 542 946 593 longe
972 554 1141 578 maxuma
1160 540 1274 576 virtue

203 608 274 645 fuit
292 623 302 653 3
332 621 441 658 quam
470 621 545 645 rem
565 607 633 644 tibi
653 614 754 643 certo
775 605 849 642 scio
869 606 1004 657 gaudio
1035 619 1112 643 esse
1130 621 1139 643 :
1169 603 1276 640 nobis

202 673 250 709 ob
272 673 398 709 merita
417 686 520 709 carus
539 680 593 708 est
612 687 620 709 :
652 672 705 708 uti
725 671 820 708 idem
840 672 979 708 senatui
998 671 1044 708 sit
1068 679 1106 707 et
1133 668 1276 720 populo

204 737 387 781 Romano,
418 750 556 773 summa
585 751 655 786 ope
686 736 854 773 nitemur.
911 735 1002 773 Tibi
1032 735 1177 785 quidem
1207 748 1276 784 pro

199 810 322 838 nostra
341 801 499 837 amicitia
514 800 703 852 gratulor:
733 814 776 837 en
797 800 909 837 habes
924 801 1038 836 virum
1057 800 1209 850 dignum
1223 808 1277 842 te,

199 875 310 916 atque
330 879 396 901 avo
421 879 500 908 suo,
532 865 768 902 Masinissa.''

828 865 951 916 Igitur
970 878 1047 909 rex,
1077 865 1154 908 ubi,
1183 876 1277 913 quae

190 930 296 966 ‘fama
326 938 531 979 acceperat,
561 944 605 966 ex
625 929 755 966 litteris
775 930 1002 979 imperatoris
1022 929 1073 965 ita
1091 942 1167 966 esse
1187 942 1280 979 cog-

200 995 314 1038 novit,
345 1008 428 1030 cum
447 994 582 1030 virtute
603 993 681 1037 viri,
708 1003 787 1030 tum
808 994 926 1044 gratia
946 1002 1146 1043 permotus,
1173 991 1278 1029 flexit

200 1060 369 1096 animum·
389 1072 508 1102 suum,
539 1068 576 1094 et
606 1059 626 1095 J
633 1058 829 1108 ugurtham
851 1057 1034 1094 benefieiis
1055 1058 1195 1094 vincere
1215 1057 1279 1094 ad-

201 1138 344 1175 gressus
382 1133 436 1160 est
460 1139 469 1168 3
509 1123 706 1172 statimque
739 1122 944 1171 adoptavit,
982 1130 1020 1158 et
1056 1130 1278 1159 testamento

200 1189 336 1239 pariter
355 1202 439 1225 eum
467 1187 548 1224 filiis
567 1187 736 1223 heredem
756 1186 927 1223 instituit.
989 1187 1062 1223 Sed
1093 1186 1170 1236 ipse
1189 1199 1281 1235 pau-

200 1268 263 1290 cos
283 1261 369 1303 post
389 1266 513 1296 annos,
540 1251 670 1288 morbo
690 1260 800 1300 atque
821 1259 940 1288 aetate
959 1250 1164 1295 confectus,
1195 1265 1279 1288 cum

199 1318 266 1354 sibi
286 1318 393 1354 finem
413 1317 506 1353 vitae
535 1316 659 1352 adesse
678 1315 918 1366 intellegeret,
939 1329 1060 1352 coram
1090 1316 1212 1352 amicis
1241 1326 1280 1360 et

200 1383 380 1434 cognatis,
400 1383 488 1418 item
504 1379 718 1418 Adherbale
734 1389 771 1416 et
792 1379 1020 1429 Hiempsale,
1036 1379 1130 1427 filiis,
1145 1380 1281 1418 dicitur

199 1446 451 1499 hujuscemodi
465 1446 574 1482 verba
593 1458 676 1481 cum
696 1444 882 1495 „Iugurtha
900 1444 1068 1483 habuisse
1089 1459 1099 1482 ε

257 1579 308 1615 X.
341 1585 366 1602 ‘⁶
396 1577 580 1614 PARVUM
602 1588 688 1626 ego,
708 1574 907 1624 Jugurtha,
935 1583 986 1617 te,
1015 1573 1144 1610 amisso
1163 1581 1281 1622 patre,

202 1643 275 1680 sine
296 1656 374 1691 spe,
403 1640 476 1677 sine
496 1640 642 1689 opibus,
670 1638 705 1674 in
726 1652 845 1674 meum
865 1652 1018 1689 regnum
1037 1637 1161 1687 accepi
1180 1652 1190 1682 ;
1218 1651 1283 1673 ex-

202 1708 376 1744 istumans
394 1719 468 1741 non
486 1704 604 1740 minus
624 1717 679 1739 me
699 1703 780 1746 tibi,
807 1716 916 1752 quam
934 1701 1068 1746 liberis,
1089 1702 1117 1738 si
1137 1702 1283 1753 genuis-

203 1786 290 1815 sem,
321 1771 370 1808 ob
388 1769 565 1807 beneficia
591 1781 715 1805 carum
746 1766 823 1803 fore
842 1782 850 1803 :
881 1781 998 1816 neque
1015 1780 1057 1803 ea
1075 1780 1130 1802 res
1150 1765 1281 1804 falsum

201 1837 346 1874 habuit.
404 1835 516 1877 Nam,
547 1842 590 1869 ut
619 1833 688 1869 alia
715 1845 847 1883 magna
866 1842 904 1869 et
921 1831 1072 1883 egregia
1090 1839 1154 1867 tua
1173 1831 1284 1868 omit-

202 1912 291 1945 tam,
311 1901 528 1942 novissume,
557 1898 697 1935 rediens
720 1896 934 1940 Numantia,
964 1910 1093 1945 meque
1112 1909 1284 1946 regnum-

204 1982 274 2017 que
307 1980 429 2003 meum
461 1964 578 2015 gloria
610 1962 860 1998 honoravisti:
909 1970 974 1997 tua
1009 1960 1144 1997 virtute
1177 1961 1282 1997 nobis

207 2033 394 2070 Romanos
423 2043 467 2066 ex
499 2027 623 2064 amicis
653 2027 900 2063 amicissumos
931 2025 1076 2063 fecisti:
1119 2025 1154 2061 in
1191 2025 1284 2062 His-

215 2097 308 2132 zania
340 2108 468 2131 nomen
501 2092 654 2129 familiae
684 2082 923 2128 renova'tum:
954 2099 1153 2140 postremo,
1182 2089 1283 2139 quod

203 2161 472 2209 difficillumum
497 2158 590 2194 iuter
619 2155 795 2200 mortalis,
827 2155 943 2207 gloria
963 2155 1130 2192 invidiam
1149 2155 1280 2202 vicisti²
