1497 2689
204 273 279 310 228
364 269 679 309 SALLUSTII
721 270 1109 311 FRAGMENTA.

258 383 321 421 Sin
341 383 393 420 vis
405 383 572 427 obsistat,
593 381 703 426 ferro,
723 396 832 433 quam
845 383 952 429 fame,
967 385 1117 435 aequius
1130 383 1270 435 peritu-

204 461 275 485 ros.
334 449 492 485 Servius.

257 512 437 550 Consedit
454 512 490 548 in
510 510 599 548 valle
618 510 777 562 virgulta
795 524 1069 562 nemorosaque.
1126 512 1234 551 Idem·
1259 521 1261 523 ’

256 575 461 614 Paullulum
481 575 649 625 requietis
669 574 854 612 militibus.
913 576 1020 614 Idem.

253 640 330 690 Qui
350 639 448 676 nullo
467 649 569 677 certo
587 639 696 677 exilio
716 640 954 690 vagabantur.
1013 639 1123 678 Idem.

254 704 384 743 Nubes
403 703 593 741 foedavere
615 703 748 741 lumen.
807 703 916 741 Idem.

258 769 415 806 Sanctus
433 766 513 804 alia.
568 767 677 805 Idem.

259 832 431 871 Geronis.
489 832 598 869 Idem.

256 897 364 946 Quae
384 908 490 932 causa
513 894 633 932 fuerat
651 895 823 932 novandis
843 894 962 932 rebus.
1018 894 1127 933 Idem.

263 960 442 998 Radicem
463 959 596 996 montis
615 959 782 996 excessit.
839 960 942 998 Statii
961 961 1140 1012 interpres.

260 1024 319 1062 Ut
338 1038 392 1060 res
412 1023 541 1074 magis,
562 1036 671 1073 quam
690 1024 812 1068 verba,
827 1032 1052 1075 gererentur,
1071 1023 1203 1060 liberos
1217 1036 1281 1074 pa-

207 1099 398 1139 rentesque
417 1089 453 1126 in
472 1088 582 1124 muris
600 1087 819 1125 locaverant.
875 1088 985 1126 Idem.

264 1154 412 1191 Incerta
431 1162 486 1190 est
504 1151 700 1196 fortitudo,
720 1153 808 1189 dum
826 1153 974 1202 pendet.

262 1219 308 1255 In
323 1217 454 1268 quibus
473 1217 634 1267 plaustra
649 1216 750 1253 sedes
765 1225 861 1253 sunt.
900 1217 998 1254 Acro
1015 1216 1067 1253 ad
1080 1216 1282 1254 Horatium.

264 1283 378 1320 Luxo
397 1281 502 1331 pede.
561 1281 711 1318 Probus.

262 1346 473 1396 Maurique,
492 1359 623 1381 vanum
642 1358 773 1395 genus,
792 1353 835 1380 ut
854 1343 922 1380 alia
936 1342 1106 1388 Africae,
1131 1353 1283 1381 conten·
1342 1369 1347 1375 -

209 1412 346 1448 debant
366 1410 580 1459 Antipodas
595 1408 689 1446 ultra
708 1408 951 1458 Aethiopiam
969 1407 1073 1446 cultu
1094 1406 1285 1446 Persarum

206 1477 328 1526 justos
345 1483 382 1511 et
401 1473 570 1524 egregios
588 1486 708 1523 agere.
767 1472 985 1510 Priscianus.

265 1538 319 1576 Et
348 1539 575 1587 Perpennam
595 1536 690 1574 forte
709 1536 904 1587 cognoscit
927 1536 1039 1574 mulio
1058 1537 1285 1575 redemtoris.

213 1605 311 1642 Acro
329 1604 363 1640 in
384 1603 584 1640 Horatium.

267 1666 443 1704 Omnium
472 1666 659 1702 fluminum
682 1679 774 1715 quae
793 1665 828 1702 in
848 1666 976 1711 maria,
999 1680 1071 1717 qua
1097 1666 1286 1717 imperium

217 1731 424 1768 Romanum
439 1739 507 1774 est,
524 1730 656 1774 fluunt,
674 1744 782 1779 quam
803 1730 939 1768 Graeci
954 1748 1007 1771 την
1021 1749 1094 1769 eno-as
1107 1733 1291 1769 sazau-ca»

215 1794 414 1845 appellant,
431 1807 640 1831 maxumum
653 1807 729 1831 esse
745 1793 872 1832 Nilum
887 1795 1113 1832 consentitur
1124 1806 1144 1832 :⁰
1154 1806 1290 1845 proxu-

215 1874 274 1897 ma
305 1860 554 1911 magnitudine
584 1873 661 1896 esse
692 1858 868 1896 Histrum
904 1859 1047 1909 scripsit
1081 1859 1290 1897 sauustius.

222 1924 310 1965 Gell.
333 1924 390 1961 lib.
412 1941 448 1961 x.
469 1933 550 1975 cast.
572 1926 608 1964 7.

273 1990 333 2027 Ex
354 1989 522 2026 omnibus
542 2002 634 2039 quae
652 1988 900 2033 tractavimus,
927 1989 1079 2026 Aebuti*
1095 1988 1290 2034 Liberalis,

219 2062 343 2104 potest
361 2053 471 2091 videri
491 2052 579 2091 nihil
597 2061 673 2092 tam
687 2052 938 2112 necessarium,
956 2063 1019 2091 aut
1033 2053 1165 2105 mag-is⁷
1180 2062 1223 2091 ut-
1240 2053 1291 2091 ait
