<?xml version="1.0" encoding="UTF-8"?>
<!DOCTYPE html PUBLIC "-//W3C//DTD XHTML 1.0 Transitional//EN"
    "http://www.w3.org/TR/xhtml1/DTD/xhtml1-transitional.dtd">
<html xmlns="http://www.w3.org/1999/xhtml" xml:lang="en" lang="en">
 <head>
  <title>
</title>
<meta http-equiv="Content-Type" content="text/html;charset=utf-8" />
  <meta name='ocr-system' content='tesseract 3.04.00' />
  <meta name='ocr-capabilities' content='ocr_page ocr_carea ocr_par ocr_line ocrx_word'/>
</head>
<body>
  <div class='ocr_page' id='page_1' title='image "./quaesupersuntope00salluoft_0227.png"; bbox 0 0 1451 2719; ppageno 0'>
   <div class='ocr_carea' id='block_1_1' title="bbox 305 281 1203 322">
    <p class='ocr_par' dir='ltr' id='par_1_1' title="bbox 305 281 1203 322">
     <span class='ocr_line' id='line_1_1' title="bbox 305 281 1203 322; baseline -0.001 -1"><span class='ocrx_word' id='word_1_1' title='bbox 305 282 616 322; x_wconf 89' lang='lat' dir='ltr'>SALLUSTII</span> <span class='ocrx_word' id='word_1_2' title='bbox 649 281 1032 322; x_wconf 84' lang='lat' dir='ltr'>FRAGMENTA.</span> <span class='ocrx_word' id='word_1_3' title='bbox 1125 284 1203 321; x_wconf 73' lang='lat'>21³</span> 
     </span>
    </p>
   </div>
   <div class='ocr_carea' id='block_1_2' title="bbox 139 392 1218 2108">
    <p class='ocr_par' dir='ltr' id='par_1_2' title="bbox 139 392 1211 1085">
     <span class='ocr_line' id='line_1_2' title="bbox 139 392 1203 444; baseline 0.001 -15"><span class='ocrx_word' id='word_1_4' title='bbox 139 406 237 430; x_wconf 85' lang='lat' dir='ltr'>arma</span> <span class='ocrx_word' id='word_1_5' title='bbox 255 392 289 429; x_wconf 89' lang='lat' dir='ltr'>in</span> <span class='ocrx_word' id='word_1_6' title='bbox 309 394 424 430; x_wconf 89' lang='lat' dir='ltr'>omnis</span> <span class='ocrx_word' id='word_1_7' title='bbox 443 395 591 438; x_wconf 82' lang='lat' dir='ltr'>habent,</span> <span class='ocrx_word' id='word_1_8' title='bbox 615 407 796 432; x_wconf 71' lang='lat' dir='ltr'>acen-mma</span> <span class='ocrx_word' id='word_1_9' title='bbox 816 394 849 431; x_wconf 90' lang='lat' dir='ltr'>in</span> <span class='ocrx_word' id='word_1_10' title='bbox 868 408 930 431; x_wconf 86' lang='lat' dir='ltr'>eos</span> <span class='ocrx_word' id='word_1_11' title='bbox 949 393 1080 444; x_wconf 84' lang='lat' dir='ltr'>quibus</span> <span class='ocrx_word' id='word_1_12' title='bbox 1098 392 1203 430; x_wconf 84' lang='lat' dir='ltr'>victis</span> 
     </span>
     <span class='ocr_line' id='line_1_3' title="bbox 142 457 1206 508; baseline -0.001 -13"><span class='ocrx_word' id='word_1_13' title='bbox 142 457 256 508; x_wconf 87' lang='lat' dir='ltr'>spolia</span> <span class='ocrx_word' id='word_1_14' title='bbox 284 471 450 494; x_wconf 87' lang='lat' dir='ltr'>maxuma</span> <span class='ocrx_word' id='word_1_15' title='bbox 477 469 560 496; x_wconf 88' lang='lat' dir='ltr'>sunt</span> <span class='ocrx_word' id='word_1_16' title='bbox 580 475 590 504; x_wconf 88' lang='lat'>;</span> <span class='ocrx_word' id='word_1_17' title='bbox 619 459 783 496; x_wconf 84' lang='lat' dir='ltr'>audendo</span> <span class='ocrx_word' id='word_1_18' title='bbox 801 469 839 496; x_wconf 91' lang='lat' dir='ltr'>et</span> <span class='ocrx_word' id='word_1_19' title='bbox 859 458 1028 503; x_wconf 84' lang='lat' dir='ltr'>fallendo,</span> <span class='ocrx_word' id='word_1_20' title='bbox 1055 468 1093 496; x_wconf 89' lang='lat' dir='ltr'>et</span> <span class='ocrx_word' id='word_1_21' title='bbox 1112 458 1206 495; x_wconf 82' lang='lat' dir='ltr'>bella</span> 
     </span>
     <span class='ocr_line' id='line_1_4' title="bbox 139 522 1205 575; baseline -0.001 -15"><span class='ocrx_word' id='word_1_22' title='bbox 139 536 185 560; x_wconf 84' lang='lat' dir='ltr'>ex</span> <span class='ocrx_word' id='word_1_23' title='bbox 216 522 319 560; x_wconf 87' lang='lat' dir='ltr'>bellis</span> <span class='ocrx_word' id='word_1_24' title='bbox 347 523 508 566; x_wconf 87' lang='lat' dir='ltr'>serendo,</span> <span class='ocrx_word' id='word_1_25' title='bbox 541 524 662 575; x_wconf 87' lang='lat' dir='ltr'>magni</span> <span class='ocrx_word' id='word_1_26' title='bbox 690 523 790 561; x_wconf 86' lang='lat' dir='ltr'>facti.</span> <span class='ocrx_word' id='word_1_27' title='bbox 848 524 917 561; x_wconf 89' lang='lat' dir='ltr'>Per</span> <span class='ocrx_word' id='word_1_28' title='bbox 946 524 1040 560; x_wconf 87' lang='lat' dir='ltr'>hunc</span> <span class='ocrx_word' id='word_1_29' title='bbox 1069 535 1205 559; x_wconf 85' lang='lat' dir='ltr'>morem</span> 
     </span>
     <span class='ocr_line' id='line_1_5' title="bbox 141 586 1207 639; baseline 0 -15"><span class='ocrx_word' id='word_1_30' title='bbox 141 588 374 639; x_wconf 82' lang='lat' dir='ltr'>exstinguent</span> <span class='ocrx_word' id='word_1_31' title='bbox 393 589 510 624; x_wconf 83' lang='lat' dir='ltr'>omnia</span> <span class='ocrx_word' id='word_1_32' title='bbox 529 604 538 633; x_wconf 88' lang='lat'>;</span> <span class='ocrx_word' id='word_1_33' title='bbox 568 598 627 625; x_wconf 89' lang='lat' dir='ltr'>aut</span> <span class='ocrx_word' id='word_1_34' title='bbox 657 588 824 624; x_wconf 87' lang='lat' dir='ltr'>occident</span> <span class='ocrx_word' id='word_1_35' title='bbox 840 603 850 632; x_wconf 85' lang='lat'>;</span> <span class='ocrx_word' id='word_1_36' title='bbox 880 588 978 636; x_wconf 93' lang='lat' dir='ltr'>quod</span> <span class='ocrx_word' id='word_1_37' title='bbox 998 587 1095 623; x_wconf 91' lang='lat' dir='ltr'>haud</span> <span class='ocrx_word' id='word_1_38' title='bbox 1114 586 1207 624; x_wconf 89' lang='lat' dir='ltr'>diffi-</span> 
     </span>
     <span class='ocr_line' id='line_1_6' title="bbox 141 651 1207 703; baseline -0.003 -13"><span class='ocrx_word' id='word_1_39' title='bbox 141 653 210 690; x_wconf 86' lang='lat' dir='ltr'>cile</span> <span class='ocrx_word' id='word_1_40' title='bbox 237 663 304 697; x_wconf 87' lang='lat' dir='ltr'>est,</span> <span class='ocrx_word' id='word_1_41' title='bbox 334 654 361 690; x_wconf 93' lang='lat' dir='ltr'>si</span> <span class='ocrx_word' id='word_1_42' title='bbox 382 664 422 690; x_wconf 87' lang='lat' dir='ltr'>tu</span> <span class='ocrx_word' id='word_1_43' title='bbox 443 652 724 703; x_wconf 83' lang='lat' dir='ltr'>Mesopotamia,</span> <span class='ocrx_word' id='word_1_44' title='bbox 752 666 816 689; x_wconf 85' lang='lat' dir='ltr'>nos</span> <span class='ocrx_word' id='word_1_45' title='bbox 835 651 1025 694; x_wconf 78' lang='lat' dir='ltr'>Armenia,</span> <span class='ocrx_word' id='word_1_46' title='bbox 1054 651 1207 688; x_wconf 88' lang='lat' dir='ltr'>circum-</span> 
     </span>
     <span class='ocr_line' id='line_1_7' title="bbox 142 714 1208 768; baseline -0.004 -14"><span class='ocrx_word' id='word_1_47' title='bbox 142 717 326 768; x_wconf 78' lang='lat' dir='ltr'>gredimur</span> <span class='ocrx_word' id='word_1_48' title='bbox 344 718 542 754; x_wconf 82' lang='lat' dir='ltr'>exercitum</span> <span class='ocrx_word' id='word_1_49' title='bbox 561 717 634 754; x_wconf 87' lang='lat' dir='ltr'>sine</span> <span class='ocrx_word' id='word_1_50' title='bbox 654 715 848 759; x_wconf 86' lang='lat' dir='ltr'>frumento,</span> <span class='ocrx_word' id='word_1_51' title='bbox 873 715 945 752; x_wconf 87' lang='lat' dir='ltr'>sine</span> <span class='ocrx_word' id='word_1_52' title='bbox 963 714 1114 758; x_wconf 85' lang='lat' dir='ltr'>auxiliis,</span> <span class='ocrx_word' id='word_1_53' title='bbox 1135 714 1208 751; x_wconf 89' lang='lat' dir='ltr'>for-</span> 
     </span>
     <span class='ocr_line' id='line_1_8' title="bbox 143 779 1208 828; baseline -0.001 -12"><span class='ocrx_word' id='word_1_54' title='bbox 143 789 231 816; x_wconf 87' lang='lat' dir='ltr'>tuna</span> <span class='ocrx_word' id='word_1_55' title='bbox 246 790 307 817; x_wconf 88' lang='lat' dir='ltr'>aut</span> <span class='ocrx_word' id='word_1_56' title='bbox 324 781 453 817; x_wconf 83' lang='lat' dir='ltr'>nostris</span> <span class='ocrx_word' id='word_1_57' title='bbox 469 781 561 818; x_wconf 88' lang='lat' dir='ltr'>vitiis</span> <span class='ocrx_word' id='word_1_58' title='bbox 581 781 700 818; x_wconf 86' lang='lat' dir='ltr'>adhuc</span> <span class='ocrx_word' id='word_1_59' title='bbox 719 779 949 817; x_wconf 87' lang='lat' dir='ltr'>incolumem.</span> <span class='ocrx_word' id='word_1_60' title='bbox 997 779 1129 828; x_wconf 86' lang='lat' dir='ltr'>Teque</span> <span class='ocrx_word' id='word_1_61' title='bbox 1148 779 1208 815; x_wconf 83' lang='lat' dir='ltr'>illa</span> 
     </span>
     <span class='ocr_line' id='line_1_9' title="bbox 143 842 1207 894; baseline 0 -15"><span class='ocrx_word' id='word_1_62' title='bbox 143 842 237 880; x_wconf 89' lang='lat' dir='ltr'>fama</span> <span class='ocrx_word' id='word_1_63' title='bbox 265 854 448 894; x_wconf 81' lang='lat' dir='ltr'>sequetur,</span> <span class='ocrx_word' id='word_1_64' title='bbox 481 844 613 881; x_wconf 86' lang='lat' dir='ltr'>auxilio</span> <span class='ocrx_word' id='word_1_65' title='bbox 645 843 853 894; x_wconf 86' lang='lat' dir='ltr'>profectum</span> <span class='ocrx_word' id='word_1_66' title='bbox 880 842 1019 894; x_wconf 83' lang='lat' dir='ltr'>magnis</span> <span class='ocrx_word' id='word_1_67' title='bbox 1047 843 1207 893; x_wconf 88' lang='lat' dir='ltr'>regibus,</span> 
     </span>
     <span class='ocr_line' id='line_1_10' title="bbox 142 906 1211 959; baseline 0 -15"><span class='ocrx_word' id='word_1_68' title='bbox 142 906 298 945; x_wconf 85' lang='lat' dir='ltr'>latrones</span> <span class='ocrx_word' id='word_1_69' title='bbox 317 909 481 959; x_wconf 88' lang='lat' dir='ltr'>gentium</span> <span class='ocrx_word' id='word_1_70' title='bbox 500 909 732 958; x_wconf 82' lang='lat' dir='ltr'><strong>oppressisse.</strong></span> <span class='ocrx_word' id='word_1_71' title='bbox 788 907 903 958; x_wconf 83' lang='lat' dir='ltr'>Quod</span> <span class='ocrx_word' id='word_1_72' title='bbox 918 908 970 944; x_wconf 93' lang='lat' dir='ltr'>uti</span> <span class='ocrx_word' id='word_1_73' title='bbox 989 907 1112 951; x_wconf 86' lang='lat' dir='ltr'>facias,</span> <span class='ocrx_word' id='word_1_74' title='bbox 1132 921 1211 944; x_wconf 87' lang='lat' dir='ltr'>mo-</span> 
     </span>
     <span class='ocr_line' id='line_1_11' title="bbox 143 971 1211 1022; baseline 0 -14"><span class='ocrx_word' id='word_1_75' title='bbox 143 985 226 1016; x_wconf 90' lang='lat' dir='ltr'>neo,</span> <span class='ocrx_word' id='word_1_76' title='bbox 246 971 469 1022; x_wconf 77' lang='lat' dir='ltr'>hortorque3</span> <span class='ocrx_word' id='word_1_77' title='bbox 490 986 558 1009; x_wconf 87' lang='lat' dir='ltr'>neu</span> <span class='ocrx_word' id='word_1_78' title='bbox 573 972 673 1009; x_wconf 86' lang='lat' dir='ltr'>malis</span> <span class='ocrx_word' id='word_1_79' title='bbox 694 972 848 1022; x_wconf 87' lang='lat' dir='ltr'>pernicie</span> <span class='ocrx_word' id='word_1_80' title='bbox 868 981 990 1008; x_wconf 86' lang='lat' dir='ltr'>nostra</span> <span class='ocrx_word' id='word_1_81' title='bbox 1007 981 1107 1009; x_wconf 85' lang='lat' dir='ltr'>tuam</span> <span class='ocrx_word' id='word_1_82' title='bbox 1126 986 1211 1021; x_wconf 86' lang='lat' dir='ltr'>pro-</span> 
     </span>
     <span class='ocr_line' id='line_1_12' title="bbox 143 1033 837 1085; baseline 0 -14"><span class='ocrx_word' id='word_1_83' title='bbox 143 1033 268 1078; x_wconf 85' lang='lat' dir='ltr'>latare,</span> <span class='ocrx_word' id='word_1_84' title='bbox 289 1049 396 1085; x_wconf 89' lang='lat' dir='ltr'>quam</span> <span class='ocrx_word' id='word_1_85' title='bbox 416 1036 590 1074; x_wconf 85' lang='lat' dir='ltr'>societate</span> <span class='ocrx_word' id='word_1_86' title='bbox 609 1035 726 1072; x_wconf 86' lang='lat' dir='ltr'>victor</span> <span class='ocrx_word' id='word_1_87' title='bbox 750 1035 837 1072; x_wconf 82' lang='lat' dir='ltr'>fieri.</span> 
     </span>
    </p>

    <p class='ocr_par' dir='ltr' id='par_1_3' title="bbox 143 1099 1206 1200">
     <span class='ocr_line' id='line_1_13' title="bbox 197 1099 1206 1136; baseline 0 0"><span class='ocrx_word' id='word_1_88' title='bbox 197 1099 310 1136; x_wconf 84' lang='lat' dir='ltr'>Curio</span> <span class='ocrx_word' id='word_1_89' title='bbox 331 1099 629 1136; x_wconf 81' lang='lat' dir='ltr'>Vulcanaliorum</span> <span class='ocrx_word' id='word_1_90' title='bbox 647 1099 704 1135; x_wconf 92' lang='lat' dir='ltr'>die</span> <span class='ocrx_word' id='word_1_91' title='bbox 724 1099 857 1136; x_wconf 82' lang='lat' dir='ltr'>ibidem</span> <span class='ocrx_word' id='word_1_92' title='bbox 877 1107 1049 1136; x_wconf 83' lang='lat' dir='ltr'>moratus.</span> <span class='ocrx_word' id='word_1_93' title='bbox 1109 1099 1206 1136; x_wconf 87' lang='lat' dir='ltr'>Non.</span> 
     </span>
     <span class='ocr_line' id='line_1_14' title="bbox 143 1161 875 1200; baseline 0.001 -2"><span class='ocrx_word' id='word_1_94' title='bbox 143 1161 186 1198; x_wconf 82' lang='lat' dir='ltr'>de</span> <span class='ocrx_word' id='word_1_95' title='bbox 203 1171 331 1199; x_wconf 86' lang='lat' dir='ltr'>mutata</span> <span class='ocrx_word' id='word_1_96' title='bbox 349 1161 575 1199; x_wconf 80' lang='lat' dir='ltr'>declinatione.</span> <span class='ocrx_word' id='word_1_97' title='bbox 636 1163 753 1200; x_wconf 70' lang='lat' dir='ltr'>Caris.</span> <span class='ocrx_word' id='word_1_98' title='bbox 773 1163 829 1199; x_wconf 88' lang='lat' dir='ltr'>lib.</span> <span class='ocrx_word' id='word_1_99' title='bbox 850 1164 875 1199; x_wconf 82' lang='grc' dir='ltr'>ἱ.</span> 
     </span>
    </p>

    <p class='ocr_par' dir='ltr' id='par_1_4' title="bbox 198 1223 1103 1274">
     <span class='ocr_line' id='line_1_15' title="bbox 198 1223 1103 1274; baseline 0.001 -13"><span class='ocrx_word' id='word_1_100' title='bbox 198 1223 322 1262; x_wconf 83' lang='lat' dir='ltr'>Scalas</span> <span class='ocrx_word' id='word_1_101' title='bbox 350 1238 454 1274; x_wconf 88' lang='lat' dir='ltr'>pares</span> <span class='ocrx_word' id='word_1_102' title='bbox 473 1225 655 1262; x_wconf 82' lang='lat' dir='ltr'>moenium</span> <span class='ocrx_word' id='word_1_103' title='bbox 673 1225 876 1262; x_wconf 84' lang='lat' dir='ltr'>altitudine.</span> <span class='ocrx_word' id='word_1_104' title='bbox 933 1226 1103 1264; x_wconf 77' lang='lat' dir='ltr'>Arm-ian.</span> 
     </span>
    </p>

    <p class='ocr_par' dir='ltr' id='par_1_5' title="bbox 145 1289 1216 1391">
     <span class='ocr_line' id='line_1_16' title="bbox 197 1289 1216 1340; baseline -0.001 -13"><span class='ocrx_word' id='word_1_105' title='bbox 197 1289 387 1327; x_wconf 78' lang='lat' dir='ltr'>Dissidere</span> <span class='ocrx_word' id='word_1_106' title='bbox 405 1289 496 1326; x_wconf 82' lang='lat' dir='ltr'>inter</span> <span class='ocrx_word' id='word_1_107' title='bbox 517 1303 553 1326; x_wconf 90' lang='lat' dir='ltr'>se</span> <span class='ocrx_word' id='word_1_108' title='bbox 571 1303 738 1340; x_wconf 86' lang='lat' dir='ltr'>coepere,</span> <span class='ocrx_word' id='word_1_109' title='bbox 764 1303 880 1340; x_wconf 89' lang='lat' dir='ltr'>neque</span> <span class='ocrx_word' id='word_1_110' title='bbox 898 1289 932 1325; x_wconf 90' lang='lat' dir='ltr'>in</span> <span class='ocrx_word' id='word_1_111' title='bbox 952 1289 1108 1326; x_wconf 87' lang='lat' dir='ltr'>medium</span> <span class='ocrx_word' id='word_1_112' title='bbox 1127 1303 1216 1326; x_wconf 90' lang='lat' dir='ltr'>con-</span> 
     </span>
     <span class='ocr_line' id='line_1_17' title="bbox 145 1352 458 1391; baseline -0.003 -1"><span class='ocrx_word' id='word_1_113' title='bbox 145 1352 291 1390; x_wconf 81' lang='lat' dir='ltr'>sultare.</span> <span class='ocrx_word' id='word_1_114' title='bbox 351 1353 458 1391; x_wconf 85' lang='lat' dir='ltr'>Idem.</span> 
     </span>
    </p>

    <p class='ocr_par' dir='ltr' id='par_1_6' title="bbox 146 1415 1213 1534">
     <span class='ocr_line' id='line_1_18' title="bbox 200 1415 1213 1467; baseline 0.001 -13"><span class='ocrx_word' id='word_1_115' title='bbox 200 1416 333 1455; x_wconf 80' lang='lat' dir='ltr'>Multis</span> <span class='ocrx_word' id='word_1_116' title='bbox 352 1416 616 1466; x_wconf 85' lang='lat' dir='ltr'>suspicionibus</span> <span class='ocrx_word' id='word_1_117' title='bbox 634 1415 790 1454; x_wconf 85' lang='lat' dir='ltr'>volentia</span> <span class='ocrx_word' id='word_1_118' title='bbox 817 1417 914 1467; x_wconf 89' lang='lat' dir='ltr'>plebi</span> <span class='ocrx_word' id='word_1_119' title='bbox 933 1417 1096 1455; x_wconf 80' lang='lat' dir='ltr'>facturus</span> <span class='ocrx_word' id='word_1_120' title='bbox 1115 1418 1213 1455; x_wconf 81' lang='lat' dir='ltr'>vide·</span> 
     </span>
     <span class='ocr_line' id='line_1_19' title="bbox 146 1480 1039 1534; baseline 0.001 -16"><span class='ocrx_word' id='word_1_121' title='bbox 146 1480 267 1518; x_wconf 83' lang='lat' dir='ltr'>batur.</span> <span class='ocrx_word' id='word_1_122' title='bbox 324 1481 460 1518; x_wconf 75' lang='lat' dir='ltr'>Nonius</span> <span class='ocrx_word' id='word_1_123' title='bbox 476 1495 491 1518; x_wconf 91' lang='lat'><em>:</em></span> <span class='ocrx_word' id='word_1_124' title='bbox 525 1481 565 1519; x_wconf 83' lang='lat' dir='ltr'><em>V</em></span> <span class='ocrx_word' id='word_1_125' title='bbox 563 1480 695 1524; x_wconf 82' lang='lat' dir='ltr'>olentia,</span> <span class='ocrx_word' id='word_1_126' title='bbox 715 1495 801 1532; x_wconf 85' lang='lat' dir='ltr'>quae</span> <span class='ocrx_word' id='word_1_127' title='bbox 810 1481 911 1534; x_wconf 74' lang='lat' dir='ltr'>plebs</span> <span class='ocrx_word' id='word_1_128' title='bbox 930 1481 1039 1519; x_wconf 80' lang='lat' dir='ltr'>vellet.</span> 
     </span>
    </p>

    <p class='ocr_par' dir='ltr' id='par_1_7' title="bbox 147 1544 1215 1726">
     <span class='ocr_line' id='line_1_20' title="bbox 202 1544 1214 1597; baseline 0 -15"><span class='ocrx_word' id='word_1_129' title='bbox 202 1546 474 1596; x_wconf 85' lang='lat' dir='ltr'>Suspectusque</span> <span class='ocrx_word' id='word_1_130' title='bbox 490 1544 572 1589; x_wconf 91' lang='lat' dir='ltr'>fuit,</span> <span class='ocrx_word' id='word_1_131' title='bbox 586 1545 763 1582; x_wconf 83' lang='lat' dir='ltr'>incertum</span> <span class='ocrx_word' id='word_1_132' title='bbox 779 1558 862 1581; x_wconf 83' lang='lat' dir='ltr'>vero</span> <span class='ocrx_word' id='word_1_133' title='bbox 877 1558 919 1581; x_wconf 92' lang='lat' dir='ltr'>an</span> <span class='ocrx_word' id='word_1_134' title='bbox 939 1559 1004 1595; x_wconf 89' lang='lat' dir='ltr'>per</span> <span class='ocrx_word' id='word_1_135' title='bbox 1018 1544 1214 1597; x_wconf 80' lang='lat' dir='ltr'>neglegen-</span> 
     </span>
     <span class='ocr_line' id='line_1_21' title="bbox 149 1608 1215 1660; baseline 0.001 -14"><span class='ocrx_word' id='word_1_136' title='bbox 149 1608 251 1652; x_wconf 84' lang='lat' dir='ltr'>tiam,</span> <span class='ocrx_word' id='word_1_137' title='bbox 280 1608 490 1646; x_wconf 81' lang='lat' dir='ltr'>societatem</span> <span class='ocrx_word' id='word_1_138' title='bbox 510 1609 724 1659; x_wconf 84' lang='lat' dir='ltr'>praedarum</span> <span class='ocrx_word' id='word_1_139' title='bbox 742 1622 825 1646; x_wconf 90' lang='lat' dir='ltr'>cum</span> <span class='ocrx_word' id='word_1_140' title='bbox 844 1608 1044 1646; x_wconf 85' lang='lat' dir='ltr'>latronibus</span> <span class='ocrx_word' id='word_1_141' title='bbox 1063 1623 1215 1660; x_wconf 87' lang='lat' dir='ltr'>compo-</span> 
     </span>
     <span class='ocr_line' id='line_1_22' title="bbox 147 1672 912 1726; baseline -0.001 -16"><span class='ocrx_word' id='word_1_142' title='bbox 147 1673 272 1710; x_wconf 81' lang='lat' dir='ltr'>suisse.</span> <span class='ocrx_word' id='word_1_143' title='bbox 328 1672 424 1711; x_wconf 87' lang='lat' dir='ltr'>Idem</span> <span class='ocrx_word' id='word_1_144' title='bbox 442 1689 456 1710; x_wconf 92' lang='grc'>.·</span> <span class='ocrx_word' id='word_1_145' title='bbox 484 1681 688 1726; x_wconf 74' lang='lat' dir='ltr'>componere,</span> <span class='ocrx_word' id='word_1_146' title='bbox 706 1673 912 1724; x_wconf 83' lang='lat' dir='ltr'>conjungere.</span> 
     </span>
    </p>

    <p class='ocr_par' dir='ltr' id='par_1_8' title="bbox 148 1735 1215 1839">
     <span class='ocr_line' id='line_1_23' title="bbox 203 1735 1215 1788; baseline 0.001 -14"><span class='ocrx_word' id='word_1_147' title='bbox 203 1735 396 1788; x_wconf 86' lang='lat' dir='ltr'>Collegam</span> <span class='ocrx_word' id='word_1_148' title='bbox 423 1736 611 1782; x_wconf 86' lang='lat' dir='ltr'>minorem,</span> <span class='ocrx_word' id='word_1_149' title='bbox 638 1746 676 1774; x_wconf 88' lang='lat' dir='ltr'>et</span> <span class='ocrx_word' id='word_1_150' title='bbox 696 1737 750 1774; x_wconf 89' lang='lat' dir='ltr'>sui</span> <span class='ocrx_word' id='word_1_151' title='bbox 769 1736 960 1781; x_wconf 83' lang='lat' dir='ltr'>cultorem,</span> <span class='ocrx_word' id='word_1_152' title='bbox 986 1745 1215 1788; x_wconf 80' lang='lat' dir='ltr'>exspectans.</span> 
     </span>
     <span class='ocr_line' id='line_1_24' title="bbox 148 1801 321 1839; baseline -0.012 0"><span class='ocrx_word' id='word_1_153' title='bbox 148 1801 321 1839; x_wconf 82' lang='lat' dir='ltr'>Arusian.</span> 
     </span>
    </p>

    <p class='ocr_par' dir='ltr' id='par_1_9' title="bbox 149 1864 1218 2108">
     <span class='ocr_line' id='line_1_25' title="bbox 202 1864 1217 1916; baseline -0.001 -14"><span class='ocrx_word' id='word_1_154' title='bbox 202 1866 323 1915; x_wconf 81' lang='lat' dir='ltr'>Quam</span> <span class='ocrx_word' id='word_1_155' title='bbox 343 1865 517 1902; x_wconf 87' lang='lat' dir='ltr'>maxumis</span> <span class='ocrx_word' id='word_1_156' title='bbox 536 1864 721 1902; x_wconf 85' lang='lat' dir='ltr'>itineribus</span> <span class='ocrx_word' id='word_1_157' title='bbox 740 1878 805 1915; x_wconf 84' lang='lat' dir='ltr'>per</span> <span class='ocrx_word' id='word_1_158' title='bbox 819 1878 969 1916; x_wconf 85' lang='lat' dir='ltr'>regnum</span> <span class='ocrx_word' id='word_1_159' title='bbox 989 1864 1217 1902; x_wconf 83' lang='lat' dir='ltr'>Ariobarza-</span> 
     </span>
     <span class='ocr_line' id='line_1_26' title="bbox 149 1928 1217 1980; baseline 0 -14"><span class='ocrx_word' id='word_1_160' title='bbox 149 1929 203 1966; x_wconf 85' lang='lat' dir='ltr'>nis</span> <span class='ocrx_word' id='word_1_161' title='bbox 221 1929 410 1966; x_wconf 88' lang='lat' dir='ltr'>contendit</span> <span class='ocrx_word' id='word_1_162' title='bbox 428 1929 474 1966; x_wconf 82' lang='lat' dir='ltr'>ad</span> <span class='ocrx_word' id='word_1_163' title='bbox 494 1928 625 1966; x_wconf 87' lang='lat' dir='ltr'>flumen</span> <span class='ocrx_word' id='word_1_164' title='bbox 658 1929 914 1979; x_wconf 77' lang='lat' dir='ltr'>Euphratem3</span> <span class='ocrx_word' id='word_1_165' title='bbox 945 1941 1016 1980; x_wconf 86' lang='lat' dir='ltr'>qua</span> <span class='ocrx_word' id='word_1_166' title='bbox 1043 1928 1079 1965; x_wconf 89' lang='lat' dir='ltr'>in</span> <span class='ocrx_word' id='word_1_167' title='bbox 1110 1937 1217 1979; x_wconf 81' lang='lat' dir='ltr'>parte</span> 
     </span>
     <span class='ocr_line' id='line_1_27' title="bbox 151 1993 1218 2045; baseline -0.004 -13"><span class='ocrx_word' id='word_1_168' title='bbox 151 1994 388 2045; x_wconf 85' lang='lat' dir='ltr'>Cappadocia</span> <span class='ocrx_word' id='word_1_169' title='bbox 410 1994 455 2031; x_wconf 86' lang='lat' dir='ltr'>ab</span> <span class='ocrx_word' id='word_1_170' title='bbox 486 1993 665 2031; x_wconf 77' lang='lat' dir='ltr'>Armenia</span> <span class='ocrx_word' id='word_1_171' title='bbox 695 1993 924 2045; x_wconf 83' lang='lat' dir='ltr'>disjungitur.</span> <span class='ocrx_word' id='word_1_172' title='bbox 991 1993 1058 2037; x_wconf 89' lang='lat' dir='ltr'>Et,</span> <span class='ocrx_word' id='word_1_173' title='bbox 1092 2006 1218 2043; x_wconf 85' lang='lat' dir='ltr'>quam-</span> 
     </span>
     <span class='ocr_line' id='line_1_28' title="bbox 154 2056 1218 2108; baseline 0.002 -13"><span class='ocrx_word' id='word_1_174' title='bbox 154 2071 264 2108; x_wconf 89' lang='lat' dir='ltr'>quam</span> <span class='ocrx_word' id='word_1_175' title='bbox 282 2059 329 2096; x_wconf 84' lang='lat' dir='ltr'>ad</span> <span class='ocrx_word' id='word_1_176' title='bbox 346 2059 384 2096; x_wconf 88' lang='lat' dir='ltr'>id</span> <span class='ocrx_word' id='word_1_177' title='bbox 404 2072 508 2097; x_wconf 82' lang='lat' dir='ltr'>naves</span> <span class='ocrx_word' id='word_1_178' title='bbox 523 2057 733 2102; x_wconf 80' lang='lat' dir='ltr'>codicariae,</span> <span class='ocrx_word' id='word_1_179' title='bbox 747 2056 896 2096; x_wconf 80' lang='lat' dir='ltr'>occulto</span> <span class='ocrx_word' id='word_1_180' title='bbox 915 2071 980 2108; x_wconf 86' lang='lat' dir='ltr'>per</span> <span class='ocrx_word' id='word_1_181' title='bbox 992 2056 1146 2096; x_wconf 89' lang='lat' dir='ltr'>hiemem</span> <span class='ocrx_word' id='word_1_182' title='bbox 1164 2057 1218 2097; x_wconf 74' lang='lat' dir='ltr'>fa·</span> 
     </span>
    </p>
   </div>
  </div>
 </body>
</html>
