1451 2719
305 326 621 365 ssALLUSTH
650 329 988 367 JUGURTHA.
1128 331 1178 366 85

111 448 206 482 tum,
234 436 355 474 auxilii
375 451 474 487 spem
493 439 639 482 nullam,
667 441 814 490 penuria
833 454 950 478 rerum
970 439 1182 476 necessaria-

112 515 194 539 rum
214 501 348 538 bellum
367 502 461 538 trahi
482 517 550 539 non
571 518 675 552 posse
692 520 701 548 ς
722 519 766 540 ex
784 505 851 547 his,
872 504 932 554 qui
953 516 1021 540 una
1042 502 1182 539 Cirtam

115 566 366 618 profugerant,
382 566 454 602 duo
470 580 634 604 maxume
650 568 822 619 impigros
835 568 985 618 delegit,
998 580 1058 603 eos
1071 565 1184 602 multa

113 629 334 680 pollicendo,
355 644 395 667 ac
416 631 614 667 miserando
634 646 754 668 casum
771 646 886 675 suum,
907 631 1108 673 confirmat,
1132 629 1183 665 uti

115 709 182 745 per
209 695 367 732 hostiurn
388 696 603 746 munitiones
623 705 734 733 noctu
757 696 802 732 ad
829 709 1046 746 proxumum
1075 707 1184 737 mare,

117 760 199 796 dein
223 760 392 804 Romam,
414 769 618 811 pergerent.

171 889 327 926 XXIV.
360 889 567 926 Nummmz
590 889 714 938 paucis
735 889 860 925 diebus
875 891 973 939 jussa
991 887 1153 924 efficiunt
1171 901 1181 922 ι

118 952 259 989 litterae
278 952 502 989 Adherbalis
522 954 555 988 in
579 962 703 989 senatu
723 954 907 995 recitatae,
938 965 1088 1001 quarum
1110 964 1188 986 sen-

119 1017 233 1053 tentia
258 1016 346 1052 haec
368 1015 462 1052 fuit:
510 1024 534 1041 ‘⁴
564 1017 647 1053 Non
679 1029 755 1052 mea
782 1016 890 1065 culpa
917 1029 1022 1064 saepe
1051 1014 1095 1050 ad
1125 1026 1187 1048 vos

119 1089 261 1117 oratum
281 1080 402 1123 mitto,
434 1080 559 1116 Patres
579 1080 789 1129 conscripti,
819 1079 880 1115 sed
900 1079 949 1114 vis
977 1078 1183 1128 Jugurthae

120 1144 282 1194 subigit:
314 1156 421 1192 quem
441 1152 542 1179 tanta
560 1143 686 1179 lubido
701 1143 954 1194 exstinguendi
974 1156 1029 1178 me
1049 1141 1189 1185 invasit,

120 1207 173 1244 uti
194 1220 309 1256 neque
329 1220 404 1250 vos,
436 1221 552 1256 neque
577 1207 664 1244 deos
684 1207 905 1252 immortalis,
926 1207 960 1242 in
981 1207 1098 1242 animo
1128 1207 1191 1242 ha-

118 1272 229 1316 beat3
251 1270 459 1321 sanguinem
474 1284 606 1314 meum,
627 1284 735 1320 quam
749 1270 881 1313 omnia,
901 1269 1013 1305 malit.
1059 1270 1190 1318 Itaque

120 1335 288 1385 quintum
312 1336 385 1385 jam
403 1348 573 1378 mensem,
601 1335 719 1371 socius
739 1343 776 1370 et
795 1334 928 1370 amicus
955 1332 1080 1383 populi
1114 1333 1192 1369 Ro-

118 1399 229 1442 mani,
257 1399 361 1434 armis
380 1399 547 1435 obsessus
575 1407 726 1435 teneor:
758 1412 873 1447 neque
894 1397 980 1433 mihi
1012 1396 1191 1446 Micipsae

121 1463 234 1512 patris
260 1462 447 1506 beneficia,
476 1476 592 1511 neque
625 1471 742 1498 vestra
771 1462 917 1498 decreta
945 1460 1189 1497 auxiliantur:

75 1548 77 1550 -
123 1526 231 1569 ferro,
254 1539 297 1562 an
316 1525 408 1562 fame
428 1525 543 1562 acrius
564 1539 731 1576 urguear,
757 1525 915 1561 incertus
935 1538 1024 1560 sum.
1084 1523 1194 1561 Plura

123 1591 169 1627 de
188 1591 210 1628 J
214 1589 372 1641 ugurtha
388 1589 554 1632 scribere,
570 1589 784 1625 dehortatur
799 1587 944 1624 fortuna
964 1601 1062 1624 mea:
1084 1588 1193 1624 etiam

124 1663 228 1690 antea
239 1662 409 1702 expertus
420 1666 511 1696 sum,
519 1666 645 1701 parum
657 1652 739 1688 fidei
751 1651 884 1688 miseris
895 1665 983 1688 esse:
999 1651 1063 1687 nisi
1074 1660 1193 1688 tamen

125 1716 312 1768 intellegO,
331 1716 434 1753 illum
454 1729 573 1765 supra,
594 1729 702 1765 quam
721 1729 794 1766 ego
811 1729 902 1758 sum,
922 1724 1059 1764 petere,
1080 1728 1194 1765 neque

126 1780 229 1818 simul
248 1780 443 1817 amicitiam
463 1789 630 1823 vestram,
658 1789 695 1817 et
715 1794 866 1830 regnum
887 1793 1004 1816 meum
1026 1793 1165 1829 sperare
1183 1795 1192 1816 ε

125 1854 247 1882 utrum
262 1844 405 1894 gravius
418 1843 626 1887 existumet,
643 1843 772 1880 nemini
789 1843 976 1880 occultum
991 1852 1058 1880 est.
1096 1843 1192 1881 Nam

125 1908 229 1945 initio
248 1908 386 1944 occidit
407 1907 673 1957 Hiempsalem,
693 1906 839 1944 fratrem
860 1921 1002 1952 meum3
1033 1907 1112 1944 dein
1133 1921 1197 1956 pa-

124 1972 196 2009 trio
215 1985 328 2023 regno
343 1985 400 2008 me
419 1971 584 2020 expulit:

696 1985 788 2020 quae
804 1986 884 2008 sane
905 1971 1038 2009 fuerint
1055 1981 1196 2009 nostrae

125 2036 286 2087 injuriae,
306 2035 395 2072 nihil
414 2036 459 2072 ad
479 2049 552 2072 vos.
602 2036 740 2072 Verum
760 2050 853 2072 nunc
869 2045 1026 2072 vestrum
1045 2049 1197 2087 regnum

127 2099 232 2136 armis
250 2107 349 2136 tenet
367 2114 376 2135 ε
407 2112 476 2142 me,
498 2112 605 2150 quem
624 2099 877 2149 imperatorem
899 2099 1068 2136 Numidis
1088 2113 1199 2148 posu-

128 2164 220 2209 istis,
248 2163 409 2202 clausum
437 2163 605 2201 obsidet:
636 2162 839 2214 legatorum
867 2163 974 2200 verba
993 2163 1118 2215 quanti
1147 2162 1198 2200 fe-
