1497 2689
165 279 217 313 20
374 272 690 312 SALLUSTII
720 273 1027 314 CATILINA.

165 399 312 436 quoque
341 386 451 423 modo
479 386 656 430 audierat,
684 386 931 437 compluribus
959 385 1126 424 narravit.
1185 386 1246 425 Ea

169 465 222 488 res
251 450 422 500 imprimis
451 450 567 487 studia
596 450 782 487 hominum
815 451 981 488 accendit
1008 451 1055 488 ad
1082 450 1249 488 consula-

170 524 251 552 tum
284 514 525 551 mandandum
563 514 622 552 M.
658 512 786 552 Tullio
825 515 1003 553 Ciceroni.
1079 516 1251 565 Namque

170 589 276 617 antea
304 579 474 630 pleraque
503 578 670 616 nobilitas
699 578 829 615 invidia
856 581 1059 625 aestuabat,
1087 589 1125 617 et
1145 579 1249 630 quasi

169 644 284 695 pollui
317 643 545 681 consulatum
577 643 787 687 credebant,
821 642 850 680 si
881 657 977 688 eum,
1014 642 1176 694 quamvis
1212 656 1251 680 e-

171 708 334 759 gregius,
363 708 474 744 homo
503 721 616 743 novus
636 707 790 756 adeptus
810 706 918 744 foret.
979 708 1066 752 Sed,
1095 706 1157 744 ubi
1186 720 1250 757 pe-

172 771 325 810 riculum
345 771 503 815 advenit,
532 770 663 807 invidia
682 779 791 820 atque
812 770 979 820 superbia
997 779 1085 821 post
1110 770 1222 808 fuere.

226 900 382 937 XXIV.
434 900 611 943 Iol-rua,
639 899 795 937 comitiis
820 898 967 944 habitis,
995 897 1162 936 consules
1188 898 1252 935 de-

171 965 353 1002 clarantur
373 964 431 1002 Mz
453 963 599 1001 Tullius
618 972 656 1001 et
676 964 722 1002 C.
744 963 934 1001 Antonius
952 978 967 1009 ;-
993 963 1093 1014 quod
1112 962 1254 1001 factum

171 1030 289 1080 primo
317 1029 503 1080 popularis
532 1029 790 1080 conjurationis
817 1037 1062 1066 concusserat.
1121 1028 1255 1079 Neque

172 1102 294 1131 tamen
323 1091 501 1131 Catilinae
527 1091 630 1129 furor
648 1092 904 1138 minuebatur3
934 1093 996 1130 sed
1015 1093 1059 1132 ia
1070 1092 1145 1130 dies
1170 1092 1253 1143 plu-

172 1171 210 1194 ra
230 1156 369 1208 agitare
387 1172 397 1202 ;
427 1169 523 1193 arma
548 1170 614 1206 per
642 1156 786 1193 Italiam
805 1157 894 1194 locis
913 1157 1130 1207 opportunis
1149 1171 1253 1208 para-

166 1235 238 1267 re;
267 1220 472 1271 pecuniam,
501 1233 563 1257 sua
590 1229 654 1258 aut
681 1221 878 1258 amicorum
901 1222 973 1260 fide
1002 1231 1156 1260 sumtam
1175 1236 1254 1260 mu-

171 1295 287 1330 tuam,
319 1284 489 1323 Faesulas
508 1285 554 1322 ad
583 1284 762 1323 Manlium
781 1287 973 1336 quemdam
1001 1296 1161 1337 portare,
1191 1288 1254 1338 qui

171 1358 301 1401 postea
328 1348 497 1399 princeps
525 1348 595 1386 fuit
614 1348 700 1386 belli
725 1348 897 1388 faciundi.
956 1351 1015 1389 Ea
1034 1360 1252 1402 tempestate

171 1412 348 1464 plurimos
380 1415 555 1464 cujusque
588 1412 729 1463 generis
756 1412 918 1451 homines
947 1415 1136 1453 adscivisse
1165 1415 1255 1453 dici-

171 1487 262 1523 tur3
302 1477 465 1514 mulieres
492 1476 601 1514 etiam
628 1476 785 1527 aliquot,
823 1491 914 1528 quae
947 1479 1064 1530 primo
1095 1480 1264 1532 ingentis*

171 1550 312 1580 sumtus
333 1549 461 1591 stupro
480 1540 644 1591 corporis
658 1540 898 1579 toleraverant
914 1558 924 1588 3
953 1551 1054 1593 post,
1073 1543 1136 1581 ubi
1155 1553 1262 1583 aetas

171 1607 427 1645 tantummodo
457 1606 636 1656 quaestui,
670 1620 786 1656 neque
813 1606 992 1652 luxuriae,
1023 1609 1173 1646 modum
1202 1608 1256 1647 fe-

173 1681 287 1716 cerat,
316 1686 374 1709 aes
402 1672 556 1709 alienum
584 1671 722 1722 grande
749 1672 1023 1710 conflaverant:
1053 1687 1120 1723 per
1138 1687 1197 1710 eas
1217 1688 1253 1711 se

173 1735 332 1775 Catilina
365 1736 539 1774 credebat
572 1749 678 1785 posse
708 1735 849 1773 servitia
877 1737 1013 1773 urbana
1046 1736 1254 1782 sollicitare,

171 1802 302 1841 urbem
321 1801 525 1846 incendere,
551 1800 645 1837 viros
662 1813 785 1837 earum
803 1799 860 1837 vel
878 1801 1074 1853 adjungere
1093 1801 1173 1847 sibi,
1198 1801 1259 1840 vel'

172 1868 389 1906 interficere.

228 1996 362 2035 XXV.
404 1996 484 2033 SED
514 1995 549 2031 in
578 1994 633 2033 his
660 2002 737 2032 erat
768 1992 993 2046 Sempronia,
1022 2009 1113 2046 quae
1139 1996 1253 2034 multa

173 2074 279 2111 saepe
307 2059 414 2098 virilis
446 2059 618 2097 audaciae
651 2058 812 2096 facinora
844 2060 1084 2098 commiserat.
1143 2061 1252 2099 Haec

174 2124 301 2164 mulier
332 2137 465 2178 genere
493 2132 604 2175 atque
631 2122 761 2171 forma,
793 2132 979 2175 praeterea
1006 2125 1096 2172 viro,
1133 2124 1254 2165 liberis
