1451 2719
312 316 626 356 SALLUSTII
654 317 993 359 JUGURTHA.
1110 321 1185 358 183

118 421 209 484 g'um
227 429 425 481 exagitare,
447 429 639 467 Metellum
655 431 822 468 omnibus
840 430 1072 468 concionibus
1091 430 1190 479 capi·

116 495 165 533 tis
183 507 372 538 arcessere,
393 493 502 531 Marii
519 494 687 532 virtutem
708 495 742 532 in
758 498 869 546 majus
884 494 1075 532 celebrare.
1111 494 1191 531 De·

119 559 228 610 nique
255 558 380 609 plebes
411 558 459 595 sic
493 571 654 603 accensa,
696 559 750 596 uti
779 559 929 609 opifices
960 566 1191 609 agrestesque

120 637 258 668 omnes,
287 637 442 673 quorum
463 637 517 660 res
537 623 696 673 fidesque
715 624 748 659 in
769 623 931 660 manibus
961 622 1048 659 sitae
1076 632 1192 665 erant,

121 687 256 726 relictis
274 687 457 738 operibus,
486 686 754 736 frequentarent
782 686 954 730 Marium,
982 694 1019 723 et
1040 699 1102 722 sua
1135 699 1195 722 ne-

123 752 274 790 cessaria
293 761 376 802 post
397 750 488 787 illius
507 751 681 788 honorem
708 751 892 788 ducerent.
952 751 1024 794 Ita,
1052 748 1196 799 percul-

126 829 164 853 sa
183 815 386 858 nobilitate,
415 823 498 864 post
518 814 649 852 multas
668 824 903 864 tempestates
936 828 1028 850 novo
1058 813 1196 850 homini

124 879 336 917 consulatus
351 879 563 916 mandatur:
592 889 629 916 et
649 889 776 929 postea
796 879 967 929 populus,
1000 892 1021 915 a
1049 879 1197 916 tribuno

126 943 255 994 plebis,
283 942 436 980 Manilio
466 942 654 986 Mancino,
682 953 847 994 rogatus,
879 956 998 988 QUEM
1031 955 1197 980 νειιετ

130 1022 219 1046 cun
242 1020 477 1054 JUGURTHA
503 1021 673 1044 BELLUM
707 1021 887 1050 Gnaeus,
916 1007 1084 1057 frequens
1118 1006 1202 1043 Ma-

128 1074 220 1110 rium
234 1073 354 1124 jussit.
413 1072 566 1108 Senatus
586 1070 709 1121 paullo
730 1081 812 1108 ante
849 1070 1006 1109 Metello
1036 1071 1202 1108 decreve-

128 1145 184 1173 rat
201 1151 211 1173 :
241 1149 282 1172 ea
301 1149 356 1172 res
376 1134 509 1172 frustra
527 1134 610 1171 fuit.

185 1264 384 1302 LXXIV.
429 1264 581 1301 Eoum
604 1273 768 1313 tempore
788 1262 988 1314 Jugurtha,
1015 1260 1149 1298 amissis
1168 1274 1205 1297 a·

132 1328 246 1374 micis,
273 1342 428 1378 quorum
447 1328 637 1378 plerosque
657 1328 732 1377 ipse
765 1336 968 1370 necaverat,
996 1327 1106 1363 ceteri
1131 1325 1206 1362 for-

133 1393 279 1436 midine,
307 1406 388 1442 pars
416 1393 462 1429 ad
484 1392 684 1435 Romanos,
712 1392 769 1428 alii
789 1392 835 1428 ad
854 1406 976 1443 regem
999 1391 1206 1433 Bocchum,

134 1455 400 1506 profugerant;
429 1469 513 1492 cum
532 1469 647 1504 neque
666 1454 803 1492 bellum
827 1456 904 1506 geri
934 1455 1006 1492 sine
1041 1454 1209 1491 adminis-

134 1521 200 1558 tris
219 1529 356 1570 posset,
382 1528 420 1557 et
440 1533 614 1556 novorum
634 1520 742 1556 fidem
763 1519 797 1555 in
816 1528 919 1555 tanta
941 1519 1091 1568 perfidia
1111 1526 1210 1554 vete-

137 1599 216 1623 rum
235 1584 387 1634 eitperiri
419 1583 661 1634 periculosum
693 1584 858 1627 duceret,
890 1584 1006 1620 varius
1036 1584 1211 1620 incertus-

138 1663 209 1699 que
228 1648 419 1699 agitabat:
463 1662 579 1697 neque
598 1647 648 1684 illi
668 1661 736 1690 res,
765 1662 880 1697 neque
911 1647 1115 1690 consilium,
1147 1656 1211 1684 aut

138 1713 330 1763 quisquam
363 1711 549 1748 hominum
569 1711 654 1748 satis
674 1711 867 1761 placebat:
897 1712 1023 1749 itinera
1052 1710 1213 1761 praefec-

139 1786 271 1827 tosque
290 1776 325 1813 in
345 1776 420 1812 dies
439 1785 604 1812 mutare:
635 1776 743 1812 modo
773 1776 964 1812 advorsum
997 1775 1134 1818 hostes,
1161 1774 1214 1810 in·

141 1840 286 1878 terdum
305 1840 339 1876 in
368 1839 578 1876 solitudines
610 1853 788 1890 pergere:
830 1853 934 1889 saepe
963 1839 996 1875 in
1031 1838 1132 1890 fuga,
1171 1851 1212 1874 ac

141 1914 228 1955 post
247 1903 369 1954 paullo
389 1917 489 1954 spem
508 1904 543 1940 in
572 1905 676 1940 armis
697 1904 826 1940 habere
845 1918 854 1940 :
895 1904 1075 1946 dubitare,
1103 1903 1217 1939 virtu-
1231 1949 1242 1958 ‘

142 1969 172 2006 ti
191 1967 437 2018 popularium,
466 1981 508 2004 an
543 1967 627 2011 fide,
656 1967 771 2003 minus
800 1967 989 2004 crederet:
1032 1967 1095 2010 ita,
1125 1962 1230 2015 quo-'

145 2045 303 2082 cumque
323 2031 537 2075 intenderat,
566 2045 620 2068 res
639 2031 808 2068 advorsae
838 2039 951 2067 crant.
1010 2029 1097 2074 Sed,
1125 2029 1218 2066 inter

142 2110 202 2134 eas
221 2110 350 2140 moras,
378 2105 524 2146 repente
545 2109 619 2134 sese
644 2094 819 2132 Metellus
851 2108 934 2131 cum
965 2095 1129 2131 exercitu
1160 2107 1218 2130 os-

145 2161 275 2198 tendit.
334 2161 513 2199 Numidae
531 2161 576 2196 ab
596 2159 780 2209 ,Iugurtha
807 2170 875 2208 pro
910 2168 1076 2208 tempore
1105 2158 1219 2208 parati
