1497 2689
152 301 200 334 Me
355 293 668 333 SALLUSTII
699 293 1011 333 CATILINA‘

149 406 331 448 Gabinius
363 406 512 456 Capito,
544 407 590 444 C.
624 407 840 444 Cornelius:
882 407 928 443 ad
957 407 1027 443 hoc
1051 404 1156 442 multi
1175 410 1228 443 ex*

148 471 298 514 coloniis
317 480 353 507 et
375 471 592 520 municipiis,
612 471 709 507 domi
730 471 878 509 nobiles.
929 472 1045 509 Erant
1064 480 1225 521 praeter-

147 549 190 578 ca
209 535 414 584 complures
438 535 560 585 paullo
581 535 762 572 occultius
781 535 920 572 consilii
939 536 1090 587 hujUsce
1110 535 1231 584 parti-¹

147 599 247 651 cipes
272 599 425 643 nobiles,
458 613 549 649 quos
579 600 694 651 magis
725 600 981 637 dominationis
1001 614 1081 650 spes
1101 600 1233 636 horta?

147 664 273 707 batur,
294 677 402 713 quam
423 663 557 713 inopia,
579 673 643 700 aut
662 664 731 700 alia
751 665 992 701 necessitudo.
1050 664 1225 701 Ceterum

142 730 315 781 juventus
344 727 530 777 pleraque,
562 728 624 765 sed
643 728 798 765 maxime
823 728 1013 772 nobilium,
1046 727 1226 765 Catilinae

147 793 303 842 inceptis
334 792 477 830 favebat
499 808 508 830 :
540 793 672 842 quibus
703 793 737 829 in
758 793 835 829 otio
855 792 911 829 vel
930 792 1136 843 magnifice,
1170 791 1227 828 vel

146 858 319 901 molliter,
339 858 453 894 vivere
468 858 574 906 copia
587 868 677 901 erat,
697 858 834 894 incerta
848 870 914 908 pro
929 856 1051 899 certis,
1074 855 1226 900 bellum,

148 935 256 971 quam
277 935 419 971 pacem,
440 921 635 958 malebant.
695 922 812 958 Fuere
827 921 915 957 item
934 933 975 956 ea
994 928 1229 969 tempestate,·

147 986 211 1035 qui
242 985 429 1022 crederent
454 985 511 1022 M.
546 985 733 1022 Licinium
766 986 938 1023 Crassum
970 999 1040 1020 non
1060 985 1228 1035 ignarum

147 1052 223 1101 (jus
257 1049 395 1086 consilii
430 1049 565 1094 fuisse3
613 1051 698 1100 quia
737 1051 807 1088 Cn.
849 1050 1060 1099 Pompeius,
1094 1050 1227 1086 invisus

147 1115 231 1165 ipsi,
251 1128 423 1164 magnum
444 1114 644 1150 exercitum
665 1115 856 1158 ductabat,
881 1114 1038 1166 cujusvis
1057 1128 1146 1163 opes
1165 1128 1229 1151 vo-

147 1180 254 1222 luisse
275 1187 402 1215 contra
421 1178 515 1214 illius
544 1179 747 1228 potentiam
767 1193 953 1223 crescere3
984 1179 1089 1216 simul
1114 1180 1229 1216 confi-

148 1258 242 1288 sum,
267 1244 293 1280 si
315 1243 516 1294 conjuratio
537 1242 719 1287 valuisset,
750 1243 855 1280 facile
876 1243 975 1292 apud
994 1243 1075 1280 illos
1093 1244 1229 1294 princi-

148 1322 232 1358 pem
253 1322 289 1344 se
309 1306 399 1344 fore.

202 1438 366 1475 XVIII.
391 1438 471 1475 SED
493 1446 597 1474 antea
617 1436 703 1474 item
724 1440 954 1489 conjuravere
974 1438 1081 1488 pauci
1101 1445 1228 1476 contra

149 1502 424 1552 rempublicam,
446 1502 480 1537 in
501 1501 634 1551 quibus
656 1502 839 1546 Catilina;
869 1503 913 1539 de
934 1516 1019 1552 qua,
1041 1516 1150 1552 quam
1169 1517 1230 1540 ve-

150 1568 299 1604 rissume
332 1576 477 1617 potero,
516 1566 644 1602 dicam.
730 1566 780 1603 L.
816 1566 946 1611 Tullo,
985 1567 1043 1604 M.
1080 1567 1230 1617 Lepido

149 1631 373 1675 consulibus,
396 1632 438 1668 P.
460 1630 671 1667 Autronius
691 1639 727 1666 et
750 1631 792 1667 P.
817 1630 932 1674 Sulla,
951 1630 1095 1681 legibus
1114 1632 1225 1668 ambi·

150 1706 210 1733 tus
230 1695 471 1746 interrogass;
489 1709 623 1744 poenas
655 1695 841 1732 dederant.
901 1696 991 1731 Post
1010 1694 1135 1745 paullo
1157 1695 1231 1733 Ca-

148 1760 265 1804 tilina,
281 1760 514 1809 pecuniarum
530 1760 811 1809 repetundarum
824 1774 918 1806 reus,
932 1760 1140 1810 prohibitus
1152 1770 1230 1798 erat

151 1825 381 1861 consulatum
398 1833 534 1873 petere,
551 1824 651 1873 quod
666 1825 759 1861 intra
773 1825 957 1876 legitimos
972 1825 1047 1862 dies
1065 1825 1231 1875 profiteri

150 1889 367 1939 nequiverit.
427 1889 518 1925 Erat
540 1889 669 1925 codem
688 1898 853 1939 tempore
874 1891 944 1927 Cn.
969 1890 1067 1934 Piso,
1091 1889 1232 1927 adoles-

152 1970 236 1993 cens
275 1954 419 1998 nobilis,
458 1968 616 1991 summae
655 1954 839 1999 audaciae,
880 1969 1004 2006 egens,
1038 1954 1231 2000 factiosus,

152 2033 261 2069 quem
290 2020 336 2055 ad
365 2020 649 2069 perturbandam
677 2019 941 2069 rempublicam
969 2019 1091 2069 inopia
1119 2028 1232 2069 atque

155 2083 236 2119 mali
256 2097 372 2120 mores
388 2083 634 2120 stimulabant.
693 2084 789 2121 Cum
810 2084 895 2128 hoc,
916 2083 1074 2122 Catilina
1087 2091 1124 2119 et
1144 2083 1237 2120 Auss

154 2147 306 2191 rronius,
326 2148 476 2185 consilio
496 2147 779 2192 communicato,
801 2149 975 2199 parabant
989 2145 1025 2185 in'
1042 2146 1242 2198 Capitolio'
