1451 2719
319 295 633 336 SALLUSTII
662 296 967 335 CATILINA.
1133 301 1183 336 33

109 406 246 446 consilii
273 417 424 458 propter
458 410 732 459 Semproniam:
763 422 844 446 nam
875 418 955 446 tum
975 407 1112 445 Brutus
1131 410 1177 445 ab

112 473 233 511 Roma
263 474 398 511 aberat.
469 474 657 511 Praeterea
689 473 889 512 Gabinium
915 472 1076 516 arcessit,
1104 486 1179 522 quo

108 539 222 589 major
239 538 434 575 auctoritas
454 539 604 574 sermoni
625 539 778 575 inesset:
808 552 851 574 eo
872 545 1071 586 praesente,
1090 551 1179 574 con-

104 601 321 653 jurationem
339 602 467 651 aperit,
496 603 655 639 nominat
675 603 790 639 socios
808 617 818 646 ;
842 610 1025 651 praetcrea
1044 601 1179 640 multos

109 667 282 716 cujusque
300 666 441 716 generis
459 666 637 710 innoxios,
658 680 731 716 quo
749 666 880 716 legatis
897 665 1034 702 animus
1053 666 1180 715 ampli-

107 741 151 765 or
167 737 261 766 esset
279 743 289 766 ε
319 729 401 766 dein
420 743 495 773 eos,
515 729 696 780 pollicitos
715 743 862 779 operam
882 743 994 773 suam,
1010 729 1176 767 dimittit.

161 856 278 895 XLI.
310 857 391 895 Sto
423 857 651 909 Allobroges
680 856 742 894 diu
771 857 806 893 in
836 857 976 894 incerto
1006 856 1179 902 habuere,

107 922 280 971 quidnam
292 921 429 959 consilii
445 931 628 972 caperent.
661 921 704 958 In
717 921 828 958 altera
842 929 946 971 parte
959 930 1036 958 erat
1048 935 1106 959 aes
1118 922 1182 959 ali-

107 1000 228 1031 enum,
249 986 409 1023 studium
427 986 527 1030 belli,
547 999 678 1037 magna
697 999 834 1023 merces
848 986 883 1022 in
904 999 967 1036 spe
981 986 1179 1025 victoriae:

107 1059 147 1087 at
164 1050 200 1087 in
219 1049 331 1087 altera
349 1053 499 1100 majores
518 1064 620 1100 opes,
650 1059 733 1087 tuta
752 1050 914 1094 consilia,
944 1065 1012 1100 pro
1042 1042 1181 1088 incerta

107 1128 172 1165 spe
191 1124 291 1152 certa
318 1115 489 1164 praemia.
518 1140 522 1145 ·
547 1114 656 1152 Haec
674 1113 743 1151 illis
762 1113 1003 1158 volventibus,
1033 1115 1181 1152 tandem

107 1179 195 1216 vicit
214 1177 362 1215 fortuna
379 1178 610 1229 reipublicae.
661 1179 791 1228 Itaque
812 1179 863 1228 Q.
886 1179 1001 1215 Fabio
1023 1179 1182 1230 Sangae,

106 1246 210 1296 cujus
228 1244 431 1295 patrocinio
445 1244 572 1281 civitas
591 1243 787 1293 plurimum
806 1243 991 1287 utebatur,
1011 1257 1086 1281 rem
1104 1258 1184 1281 om-

107 1321 204 1352 nem,
228 1308 283 1345 uti
301 1317 563 1360 cognoverant,
589 1308 767 1358 aperiunt.
825 1307 971 1351 Cicero,
999 1321 1065 1357 per
1094 1308 1185 1345 San-

108 1385 194 1423 gam
226 1371 424 1423 [consilio]
449 1373 616 1424 cognit0‚
644 1371 775 1423 legatis
793 1371 993 1422 praecepit,
1023 1372 1184 1409 studium

106 1435 365 1487 conjurationis
395 1436 622 1473 vehementer
654 1435 835 1480 simulent,
870 1444 1010 1472 ceteros
1038 1436 1186 1481 adeant,

109 1500 200 1537 bene
227 1499 494 1550 polliceantur3
524 1501 683 1550 dentque
711 1514 873 1551 operam,
901 1501 956 1537 uti
983 1515 1046 1538 eos
1072 1515 1183 1551 quam

109 1577 276 1602 maxume
295 1560 504 1602 manifestos
531 1565 701 1602 habeant.

163 1692 305 1730 XLII.
338 1692 464 1730 Isnzm
496 1692 569 1730 fere
597 1693 829 1744 temporibus
849 1695 884 1731 in
918 1694 1043 1734 Gallia
1061 1695 1184 1733 citeri-

108 1761 171 1795 ore
200 1766 310 1808 atque
339 1757 523 1802 ulteriore,
553 1758 640 1795 item
661 1758 695 1794 in
714 1772 804 1810 agro
832 1759 981 1804 Piceno,
1015 1759 1183 1804 Bruttio,

110 1822 267 1873 Apulia,
287 1831 408 1860 motus
426 1831 514 1860 erat.
573 1822 741 1872 Namque
760 1822 825 1867 illi,
845 1838 937 1873 quos
955 1833 1061 1862 antea
1080 1825 1184 1862 Cati-

109 1887 182 1925 lina
211 1888 407 1932 dimiserat,
436 1887 638 1924 inconsulte
669 1901 710 1924 ac
730 1887 840 1924 veluti
871 1903 937 1938 per
965 1889 1184 1927 dementiam

115 1953 273 2002 [cuncta
291 1951 420 2001 simul]
443 1965 574 2003 agere:
606 1952 791 1989 nocturnis
811 1952 982 1997 consiliis,
1000 1966 1183 1991 armorum

110 2024 221 2067 atque
231 2016 389 2054 telorum
399 2016 682 2066 portationibus‚
695 2015 912 2062 festinando,
920 2018 1094 2070 agitando
1106 2033 1185 2056 om-

111 2080 183 2125 nia,
201 2080 283 2131 plus
301 2081 440 2118 timoris
457 2093 563 2132 quarn
579 2081 728 2130 periculi
742 2081 947 2124 effecerant.
985 2083 1045 2121 Ex
1060 2098 1104 2122 eo
1120 2098 1186 2121 nu-

114 2146 212 2182 mero
229 2145 432 2197 complures
449 2147 498 2196 Q.
517 2145 691 2184 Metellus
707 2146 815 2184 Celer
832 2157 979 2198 praetor
999 2162 1043 2185 ex
1073 2148 1184 2186 senati

635 2210 667 2247 E
