1451 2719
326 251 638 290 SALLUSTII
683 249 1072 291 FRAGMENTA.
1160 252 1239 292 227

214 361 393 400 Traditur
412 362 538 415 fugam
558 364 591 400 in
624 364 822 415 longinqua
855 363 994 401 Oceani
1023 361 1224 413 agitavisse.

164 425 272 465 Idem.

211 490 281 528 Ad
302 492 514 528 mutandum
532 493 642 529 modo
663 493 696 529 in
718 492 842 529 melius
862 493 1058 530 servitium.
1116 494 1239 531 Servi-

158 569 198 590 us
224 554 277 591 ad
290 556 315 591 i.
337 555 520 593 Aeneidos.

211 617 351 669 Magna
372 620 422 656 vis
442 619 628 656 hominum
647 628 876 664 convenerat,
903 619 1000 671 agris
1018 619 1136 669 pulsa,
1170 628 1233 657 aut

156 680 303 719 civitate
323 685 449 733 ejecta.
507 684 601 721 Idem
619 684 701 721 ibid.

210 746 307 783 Cum
327 761 469 783 murum
483 747 641 784 hostium
657 748 899 794 successisset,
918 762 1052 798 poenas
1068 749 1228 786 dederat.

158 809 254 847 Idem
273 810 325 847 ad
340 811 504 861 Eclogam
525 814 687 862 quintam.

211 875 363 924 Quippe
381 885 480 912 vasta
503 875 609 912 Italia
622 875 766 926 rapinis,
786 876 889 927 fuga,
907 876 1091 914 caedibus.
1122 876 1230 915 Idem.

212 938 269 976 Hi
289 949 372 976 sunt
393 939 455 990 qui
475 940 671 977 secundum
692 940 836 990 pocula,
864 950 900 977 et
916 939 1000 976 alias
1020 953 1075 977 res
1094 954 1232 985 aureas,

157 1003 224 1041 diis
243 1014 381 1042 saciata
400 1005 637 1043 instrumenta
657 1004 820 1042 convivio
840 1012 1054 1042 mereantur.
1098 1007 1123 1031 *²
1136 1004 1231 1044 Idem

155 1068 207 1105 ad
218 1070 295 1106 viii.
317 1068 499 1106 Aeneidos.

212 1132 256 1168 In
278 1132 433 1169 secunda
453 1132 599 1170 festinas
619 1133 790 1170 cohortes
808 1141 1078 1183 composuerat.
1133 1133 1230 1173 Idem

155 1193 207 1232 ad
221 1196 270 1232 ix.

206 1261 288 1298 Jam
307 1269 455 1310 repente
475 1260 570 1298 visus
590 1261 722 1298 saevire
742 1260 910 1312 Taguns.
967 1259 1063 1299 Idem
1082 1260 1135 1299 ad
1149 1278 1185 1300 x.

209 1324 359 1361 Exuant
378 1324 484 1361 armis
502 1325 687 1375 equisque.
745 1324 853 1363 Idem.

208 1387 314 1425 Solas
335 1387 515 1426 festinare.
574 1389 682 1426 Idem.

207 1451 419 1489 Lusitaniae
439 1466 584 1503 gravem
603 1452 800 1489 civitatem.
859 1451 968 1490 Idem.

210 1516 271 1553 Ex
292 1525 394 1566 parte
414 1517 621 1553 cohortium
649 1516 856 1566 praecipere
881 1516 1074 1560 instructa,
1102 1525 1140 1553 et
1160 1522 1231 1554 sta-

154 1580 270 1618 tiones
290 1580 429 1617 locatae
450 1595 516 1630 pro
537 1581 675 1618 castris.
735 1579 844 1618 Idem.

214 1644 372 1688 Bellum,
411 1645 543 1694 quibus
574 1653 697 1695 posset
717 1643 1001 1688 conditionibus,
1039 1644 1230 1683 desineret.

157 1708 267 1747 Idem.

210 1773 254 1810 In
283 1775 365 1823 quis
393 1773 615 1824 longissumo
643 1787 730 1810 aevo
759 1772 863 1823 plura
890 1773 935 1809 de
962 1773 1067 1812 bonis
1086 1772 1174 1811 falsa
1192 1774 1228 1812 in

154 1837 314 1874 deterius
333 1838 552 1888 composuit.
616 1838 724 1875 Idem.

208 1901 324 1939 Cultu
344 1902 505 1952 corporis
525 1912 650 1938 ornata
668 1901 836 1953 egregiO.
894 1903 1003 1941 Idem.

206 1965 268 2002 At
290 1966 472 2003 Sertorius
492 1980 625 2003 vacuus
645 1967 761 2004 hieme
781 1981 914 2018 augere
933 1968 1070 2018 copias.
1126 1971 1226 2008 Acro

151 2030 189 2067 in
208 2030 408 2071 Horatium.

624 2157 754 2197 Ffss
