1451 2719
299 303 614 343 SALLUSTII
645 301 1031 341 FRAGMENTA.
1130 303 1203 342 187

129 412 197 454 An
218 414 353 465 Lepidi
369 415 534 452 mandata
550 415 685 452 animos
701 425 845 452 movent
863 415 875 451 ?
895 413 957 464 qui
976 412 1116 462 placere
1135 413 1201 457 ait,

131 492 194 516 sua
213 479 346 530 cuique
365 479 480 522 reddi,
499 488 536 516 et
556 479 668 516 aliena
687 488 787 516 tenet
803 494 813 523 ς
842 477 925 515 belli
939 480 1021 528 jura
1035 476 1201 520 rescindi,

129 556 213 580 cum
232 543 308 593 ipse
326 543 431 580 armis
450 552 562 594 cogat
580 558 591 588 ;
621 543 804 579 civitatem
823 540 1040 584 confirmari,
1065 540 1198 589 quibus

128 606 335 656 ademptam
355 616 493 658 negat3
523 607 738 644 concordiae
766 606 883 657 gratia
910 604 1029 654 plebei
1049 603 1203 640 tribuni-

129 669 221 707 ciam
250 679 472 720 potestatem
503 670 658 714 restitui,
688 684 732 706 ex
762 683 833 719 qua
860 682 983 705 omnes
1003 666 1203 704 discordiae

128 746 310 771 accensae.
371 734 540 771 Pessume
560 735 721 770 omnium
735 742 845 783 atque
864 730 1202 782 impudentissume‚

128 797 242 835 tibine
272 807 415 849 egestas
435 798 568 834 civium
586 807 622 834 et
642 797 763 834 luctus
783 810 890 834 curae
910 804 1007 838 sunt,
1038 794 1096 831 cui
1117 793 1204 830 nihil

128 870 184 899 est
204 861 316 905 domi,
337 862 401 898 nisi
421 862 527 898 armis
545 871 704 912 partum,
731 869 793 898 aut
812 874 878 910 per
896 859 1057 910 injuriam
1074 859 1087 896 ?
1116 857 1207 895 alte-

129 939 209 962 rum
224 925 453 962 consulatum
468 925 576 975 petis,
593 926 693 976 quasi
713 925 869 975 primum
884 923 1081 960 reddideris
1096 937 1105 960 :
1127 921 1205 959 bel-

129 987 165 1025 lo
182 989 413 1026 concordiam
428 990 584 1039 quaeris,
605 1003 677 1040 quo
697 997 800 1038 parta
815 988 1039 1025 disturbatur
1054 1001 1063 1024 :
1091 986 1205 1023 nostri

128 1053 309 1102 proditor,
329 1052 405 1089 istis
425 1053 570 1097 infidus,
590 1053 704 1090 hostis
724 1053 884 1090 omnium
904 1053 1095 1089 bonorum.
1146 1051 1204 1089 Ut

128 1126 167 1154 te
187 1130 303 1166 neque
322 1116 522 1160 hominum,
543 1131 658 1166 neque
678 1118 842 1160 deorum,
871 1117 999 1166 pudet,
1029 1129 1121 1166 quos
1140 1130 1205 1166 per

130 1179 253 1224 fidem,
281 1190 345 1216 aut
372 1181 528 1232 perjurio
549 1181 715 1218 violasti!
759 1183 834 1230 qui,
866 1181 1011 1230 quando
1043 1179 1125 1216 talis
1154 1193 1205 1223 es,

129 1233 272 1282 maneas
291 1243 327 1280 in
347 1245 537 1288 sententia,
557 1254 594 1282 et
610 1245 762 1282 retineas
781 1259 890 1288 arma,
911 1254 948 1282 te
963 1245 1116 1289 hortor;
1137 1259 1207 1281 neu

129 1309 352 1361 prolatandis
382 1309 633 1352 seditionibus,
660 1309 799 1360 inquies
818 1309 907 1359 ipse,
939 1322 1003 1345 nos
1022 1309 1057 1345 in
1078 1307 1209 1346 sollici-

130 1373 257 1412 tudine
275 1372 440 1410 attineas.
500 1373 631 1423 Neque
651 1382 688 1412 te
707 1374 927 1423 provinciae,
957 1387 1073 1424 neque
1093 1373 1206 1425 legem,

132 1452 248 1489 neque
268 1438 318 1475 dii
336 1447 484 1488 penates
504 1438 618 1474 civem
637 1438 838 1488 patiuntur.
889 1438 1021 1489 Perge,
1037 1452 1109 1488 qua
1124 1451 1208 1476 coe-

132 1503 232 1553 pisti,
252 1511 293 1539 ut
313 1515 421 1552 quam
437 1511 657 1539 maturrume
677 1502 803 1539 merita
822 1502 989 1538 invenias.
1047 1502 1126 1539 Vos
1146 1515 1210 1538 au-

133 1576 222 1611 tem,
236 1567 336 1604 P.C.
352 1579 543 1616 quousque
558 1566 764 1603 cunctando
780 1565 1039 1616 rempublicam
1054 1566 1210 1604 intutam

134 1631 335 1682 patiemini,
362 1639 400 1668 et
421 1630 536 1667 verbis
564 1643 660 1667 arma
679 1630 892 1667 tentabitis?
947 1630 1128 1668 Delectus
1147 1631 1211 1668 ad·

132 1709 278 1734 vorsum
296 1709 359 1732 vos
379 1694 520 1740 habiti;
544 1695 715 1744 pecuniae
734 1695 881 1745 publice
896 1703 934 1732 et
954 1695 1124 1745 privatim
1143 1710 1207 1733 ex-

135 1769 256 1798 tortae
276 1775 286 1805 ;
317 1758 493 1810 praesidia
512 1758 670 1796 deducta
688 1767 798 1808 atque
821 1759 989 1810 imposita
1006 1774 1017 1804 ς
1045 1773 1089 1796 ex
1118 1759 1212 1797 lubi·

136 1824 218 1861 dine
248 1823 347 1875 leges
377 1823 625 1873 imperantur:
656 1836 740 1860 cum
767 1822 909 1860 interim
929 1835 992 1860 vos
1011 1823 1153 1875 legatos
1171 1833 1209 1862 et

134 1888 281 1926 decreta
298 1887 444 1938 paratiS.
503 1887 557 1924 Et
579 1895 729 1938 quante,
751 1887 967 1932 mehercule,
993 1887 1128 1926 avidius
1147 1903 1210 1940 pa-

135 1966 215 1991 cem
234 1951 423 2002 petieritis,
451 1960 556 1988 tanto
575 1950 712 1988 bellum
740 1952 855 1989 acrius
874 1952 956 1997 erit,
999 1967 1083 1990 cum
1101 1954 1208 1991 intel-

135 2014 248 2069 leget,
281 2030 317 2054 se
348 2025 449 2053 metu
482 2015 610 2067 magiS,
640 2029 750 2065 quam
782 2029 898 2067 aequo
928 2027 965 2055 et
995 2019 1108 2063 bono,
1137 2034 1212 2058 sus-

135 2088 332 2118 tentatum.
381 2080 491 2124 Nam,
511 2079 572 2130 qui
589 2080 713 2116 turbas
728 2090 766 2117 et
781 2081 926 2119 caedem
942 2082 1074 2120 civium
1093 2084 1210 2121 odisse

137 2143 201 2190 ait,
230 2154 268 2182 et
297 2144 346 2182 ob
375 2144 427 2189 id,
457 2152 598 2182 armato
622 2142 785 2194 Lepido,
813 2159 876 2184 vos
895 2146 1046 2185 inermes
1065 2147 1209 2192 retinet,

609 2208 651 2246 A
673 2221 692 2246 a
721 2211 746 2246 2
