1451 2719
368 288 681 326 SALLUSTII
712 287 1016 326 CATILINA.
1183 290 1234 324 43

160 399 222 436 ned
240 397 403 448 plerique
422 399 591 436 mortales
620 409 803 449 postrema
822 399 1025 441 meminere,
1054 406 1092 433 et
1111 397 1145 433 in
1165 397 1231 434 ho-

158 462 313 500 minibus
331 462 463 512 impiis,
483 462 623 500 sceleris
642 463 761 507 obliti,
780 463 824 500 de
844 475 960 513 poena
978 461 1169 504 disserunt,
1203 462 1230 497 si

156 540 199 564 ea
227 527 350 577 paullo
370 528 523 564 severior
542 527 624 564 fuit.
682 528 736 565 D.
760 527 933 570 Silanum,
964 525 1077 562 virum
1099 524 1230 561 fortem

157 599 269 641 atque
289 601 487 635 strenuum,
514 600 611 628 certe
633 592 721 635 scio,
753 604 844 641 quae
863 589 1008 634 dixerit,
1028 588 1148 626 studio
1169 589 1236 626 rei-

154 655 325 705 publicae
347 656 490 700 dixisse,
512 670 626 705 neque
646 655 746 692 illum
766 654 800 690 in
820 663 922 691 tanta
936 668 973 690 re
988 653 1155 704 gratiam,
1171 663 1235 690 aut

155 719 362 757 inimicitias
386 734 552 757 exercere
571 735 580 757 ε
610 733 672 756 eos
691 732 822 763 mores,
841 731 919 755 eam
940 717 1154 753 modestiam
1173 717 1236 753 viri

154 784 325 835 cognovi.
362 784 522 820 ·Verum
543 783 718 820 sententia
738 796 808 819 non
830 782 916 818 mihi
944 780 1114 824 crudelis,
1146 781 1233 830 quid

155 847 251 884 enim
271 847 306 883 in
325 846 409 884 talis
424 847 586 884 homines
601 846 746 884 crudele
762 845 837 883 fieri
858 854 981 895 potest
1000 846 1012 882 ?
1040 845 1103 881 sed
1121 844 1234 881 aliena

153 925 173 948 a
193 911 380 961 republica
409 920 543 954 nostra,
563 911 716 948 videtur.
775 911 871 948 Nam
891 909 1059 959 profecto
1079 919 1142 946 aut
1162 924 1236 947 me-

153 984 227 1019 tus,
247 984 311 1012 aut
331 975 456 1026 injuria
475 984 512 1011 te
533 975 692 1025 subegit,
715 974 847 1016 Silane,
867 973 1051 1010 consulem
1067 974 1234 1024 designa-

153 1048 247 1081 tum,
278 1051 392 1089 genus
423 1050 560 1086 poenae
591 1051 723 1073 novum
753 1037 956 1073 decernere.
1015 1037 1077 1073 De
1104 1037 1233 1074 timore

151 1115 454 1152 supervacaneum
474 1110 529 1138 est
549 1101 733 1144 disserere,
754 1114 850 1144 cum,
879 1101 1058 1150 praesenti
1079 1101 1232 1152 diligen-

148 1167 202 1203 tia
230 1166 428 1204 clarissumi
458 1165 535 1209 viri,
567 1164 736 1208 consulis,
768 1173 869 1201 tanta
898 1164 1073 1218 praesidia
1099 1165 1170 1201 sint
1195 1166 1230 1202 in

150 1231 268 1268 armis.
317 1231 381 1272 De
400 1243 519 1280 poena
538 1243 728 1279 possumus
743 1228 911 1278 equidem
927 1228 1044 1265 dicere
1060 1228 1109 1272 id,
1130 1230 1231 1278 quod

148 1309 204 1333 res
223 1295 334 1332 habet
352 1310 363 1340 ;
392 1294 427 1330 in
446 1293 551 1330 luctu
570 1303 679 1343 atque
699 1292 847 1330 miseriis
867 1301 1021 1329 mortem
1042 1307 1229 1330 aerumna-

147 1373 228 1396 rum
247 1359 420 1409 requiem,
440 1372 511 1395 non
531 1358 733 1395 cruciatum
747 1372 823 1395 esse
841 1373 852 1403 ;
880 1371 959 1395 eam
980 1368 1114 1395 cuncta
1132 1367 1229 1396 mor-

147 1423 274 1460 talium
305 1423 396 1459 mala
429 1423 622 1460 dissolvere
645 1438 655 1468 ;
695 1422 789 1459 ultra
822 1436 937 1472 neque
970 1436 1076 1459 curae
1110 1437 1226 1474 neque

145 1488 283 1539 gaudio
317 1487 438 1523 locum
470 1501 558 1524 esse.
637 1487 723 1531 Sed,
762 1501 827 1536 per
863 1487 950 1523 deos
987 1487 1221 1526 immortalis!

145 1552 381 1602 quamobrem
410 1551 446 1587 in
476 1550 690 1588 sententiam
720 1564 791 1587 non
822 1551 1006 1595 addidisti,
1042 1552 1095 1588 uti
1125 1553 1224 1602 prius

144 1615 351 1653 verberibus
388 1614 423 1650 in
461 1628 522 1651 eos
554 1615 897 1652 animadverteretur
918 1616 931 1652 ἓ
967 1629 1027 1659 an,
1065 1616 1149 1665 quia
1168 1616 1226 1654 lex

146 1679 278 1717 Porcia
291 1687 391 1716 vetat
408 1680 420 1716 ἓ
448 1689 486 1715 at
505 1678 593 1716 aliae
608 1679 707 1730 leges
723 1679 809 1716 item
825 1679 1074 1716 condemnatis
1090 1681 1227 1718 civibus

145 1743 302 1780 animam
333 1757 405 1780 non
436 1743 539 1793 eripi,
571 1744 634 1780 sed
658 1743 692 1779 in
718 1743 864 1780 exilium
895 1745 1057 1794 permitti
1083 1746 1226 1797 jubent.

143 1807 227 1852 An,
257 1807 341 1857 quia
370 1807 513 1859 gravius
543 1816 598 1844 est
619 1808 791 1852 veberari,
823 1823 931 1858 quam
961 1810 1109 1855 necari?
1140 1812 1228 1861 quid

143 1881 265 1908 autem
280 1872 466 1915 acerbum,
485 1880 548 1908 aut
561 1885 670 1923 grave
688 1872 804 1916 nimis,
824 1873 859 1908 in
876 1873 1040 1911 homines
1060 1875 1154 1912 tanti
1173 1875 1229 1912 fa-

143 1935 273 1972 cinoris
303 1936 518 1973 convictos?
547 1937 612 1979 sin,
643 1936 726 1986 quia
745 1936 856 1974 levius
875 1953 884 1982 ;
915 1941 977 1987 qui
999 1940 1167 1977 convenit
1187 1941 1222 1977 in

145 1998 282 2038 minore
300 2001 450 2053 negotio
470 2000 588 2051 legem
610 2001 750 2045 timere,
770 2015 854 2038 cum
868 2016 948 2039 eam
961 2002 996 2038 in
1013 2006 1145 2054 majore
1165 2019 1227 2042 ne-

143 2064 298 2115 glexeris
315 2066 328 2103 ?
383 2066 444 2102 At
464 2065 558 2102 enim
579 2066 657 2115 quis
678 2066 931 2115 reprehendet,
947 2068 1061 2117 -quod
1081 2069 1115 2105 in
1138 2084 1223 2119 par-

143 2130 270 2175 ricidas
300 2130 519 2182 reipublicae
549 2131 739 2170 decretum
768 2132 866 2170 erit?
921 2132 1103 2184 Tempus,
1134 2135 1224 2180 dies,

645 2196 677 2233 F
707 2197 732 2232 ‘2
