1497 2689
260 320 335 355 186
429 315 743 354 SALLUSTII
775 315 1164 356 FRAGMENTA.

258 428 324 466 mis
340 425 513 465 sollicitae
530 443 540 466 z
571 427 806 465 Mithridates
820 428 856 464 in
870 428 980 466 latere
995 428 1227 479 vectigalium
1247 442 1333 467 nos-

257 502 412 537 trorum,
444 492 574 542 quibus
592 492 711 528 adhuc
743 500 997 536 sustentamur,
1025 493 1120 529 diem
1144 492 1240 530 bello
1260 492 1331 542 cir-7

259 558 453 608 cumspicit
471 572 480 594 :
512 557 612 607 quin,
641 565 784 606 praeter
803 556 972 593 idoneum
991 556 1134 601 ducem,
1162 556 1250 594 nihil
1267 557 1332 594 ab·

258 632 315 661 est
333 623 379 660 ad
399 623 683 660 subvertundum
698 620 900 671 imperium.
960 620 1074 670 Quod
1092 635 1163 672 ego
1183 635 1246 658 vos
1265 635 1331 658 oro

257 697 370 739 atque
389 687 555 731 obsecro,
583 687 625 723 P.
649 687 694 724 C.
718 694 759 722 ut
778 685 1071 722 animadvortatis
1088 700 1099 730 ;
1128 699 1196 722 neu
1216 686 1332 736 patia-

259 752 344 789 mini
371 752 552 790 licentiam
581 750 767 794 scclerum‚
798 750 898 800 quasi
926 749 1074 794 rabiem,
1102 750 1146 786 ad
1171 749 1333 802 integros

260 825 435 854 contactu
464 814 672 865 procedere.
730 814 841 857 Nam,
869 813 931 850 ubi
960 812 1070 850 malos
1098 813 1255 863 praemia
1279 827 1334 851 se-

259 889 434 931 quuntur,
464 878 561 915 haud
590 877 693 914 facile
722 877 912 928 quisquam
939 877 1103 928 gratuito
1128 879 1244 914 bonus
1263 885 1331 914 est.

262 945 328 981 An
349 943 569 993 exspectatis
589 942 690 985 dum,
719 941 882 978 exercitu
907 955 1028 977 rursus
1046 941 1209 985 adm0t0‚
1237 941 1333 978 ferro

259 1017 371 1058 atque
401 1007 542 1044 flamma
569 1007 696 1043 urbem
724 1005 890 1043 invadit?
919 1005 1018 1055 quod
1040 1004 1156 1042 multo
1184 1004 1335 1055 propius

259 1081 314 1110 est
335 1073 379 1109 ab
400 1086 457 1116 e0,
487 1085 560 1121 quo
580 1070 710 1121 agitat,
741 1079 851 1114 statu,
880 1084 988 1120 quam
1008 1084 1052 1106 ex
1081 1083 1171 1120 pace
1189 1079 1227 1107 et
1246 1084 1334 1108 con-

262 1137 385 1175 cordia
404 1137 450 1174 ad
469 1149 566 1172 arma
585 1134 701 1172 civilia
719 1150 728 1172 :
759 1149 851 1185 quae
870 1134 927 1172 ille
947 1136 1139 1172 advorsum
1158 1135 1277 1172 divina
1295 1145 1333 1174 et

259 1203 414 1239 humana
429 1200 548 1237 omnia
563 1199 676 1249 cepit,
692 1213 762 1235 non
782 1213 849 1249 pro
866 1213 941 1243 sua,
961 1208 1039 1243 aut,
1055 1213 1210 1249 quorum
1225 1200 1333 1237 simu-

256 1265 322 1310 lat,
350 1265 490 1317 injuria‚
519 1264 581 1301 sed
607 1263 745 1314 legum,
775 1277 817 1300 ac
846 1263 1021 1300 libertatis
1051 1264 1327 1302 subvertundae.

261 1330 432 1381 Angitur
449 1328 556 1372 enirn,
585 1342 625 1364 ac
654 1327 833 1364 laceratur
852 1327 958 1363 animi
977 1327 1146 1377 cupidine
1166 1337 1202 1365 et
1223 1343 1335 1366 noxa-

258 1408 339 1431 rum
357 1403 470 1437 metu‚
500 1406 628 1442 expers
649 1391 799 1434 consilii,
828 1392 967 1442 inquies
988 1408 999 1438 3
1028 1393 1119 1429 haec
1146 1403 1255 1443 atque
1274 1394 1334 1431 illa

258 1468 415 1503 tentans,
434 1457 566 1495 metuit
585 1457 715 1500 otium,
736 1456 814 1493 odit
828 1455 977 1500 bellum,
997 1455 1086 1493 luxu
1101 1468 1210 1507 atque
1225 1457 1336 1495 licen-

261 1524 311 1561 tia
331 1523 525 1560 carendum
540 1521 653 1564 videt,
673 1529 783 1571 atque
803 1520 944 1556 interim
961 1520 1126 1558 abutitur
1144 1532 1261 1559 vestra
1281 1537 1335 1560 se-

257 1588 406 1625 cordia:
437 1600 554 1636 neque
575 1585 661 1621 mihi
682 1584 766 1622 satis
785 1584 936 1629 consilii,
957 1595 1107 1629 metum,
1127 1599 1171 1622 an
1196 1586 1337 1637 ignavi-

258 1666 328 1696 am,
344 1666 387 1688 an
404 1650 621 1688 dementiam
635 1663 713 1686 eam
728 1648 928 1698 adpellem:
950 1649 1012 1700 qui
1031 1650 1199 1687 videmini
1218 1650 1332 1688 inten-

260 1725 297 1755 ta
313 1715 418 1759 mala,
439 1714 540 1765 quasi
559 1713 709 1757 fulmen,
728 1722 868 1763 optare,
885 1728 920 1751 se
935 1715 1088 1764 quisque
1103 1729 1146 1752 ne
1160 1716 1334 1768 attingat,

260 1783 323 1819 sed
343 1780 534 1832 prohibere
554 1793 597 1815 ne
612 1778 733 1815 conari
749 1778 907 1828 quidem.
953 1779 1006 1816 Et
1021 1792 1156 1829 quaeso
1171 1781 1336 1818 conside-

258 1857 347 1890 rate,
363 1859 471 1896 quam
486 1857 657 1881 conversa
676 1857 794 1880 rerum
813 1851 940 1879 natura
958 1843 1016 1879 sit.
1057 1843 1186 1881 Antea
1200 1845 1334 1882 malum

215 1935 218 1938 Δ
257 1911 445 1962 publicum
464 1907 624 1952 occulte,
645 1906 776 1943 auxilia
795 1906 913 1957 palam
932 1907 1215 1953 instruebantur,
1233 1918 1271 1947 et
1289 1924 1334 1951 eo

258 1976 344 2014 boni
372 1973 485 2012 malos
513 1972 618 2010 facile
647 1972 858 2009 anteibant:
889 1985 983 2009 nunc
1012 1986 1097 2022 pax,
1125 1975 1333 2019 concordia,

260 2040 511 2077 disturbantur
529 2036 646 2087 palam
666 2052 676 2080 3
706 2035 952 2072 defenduntur
970 2037 1128 2074 occulte.
1186 2039 1335 2088 Quibus

257 2105 318 2142 illa
336 2103 496 2154 placent,
525 2102 559 2137 in
581 2100 687 2138 armis
707 2108 814 2138 sunt:
845 2114 908 2137 vos
926 2101 962 2137 in
981 2110 1093 2138 metu.
1152 2102 1254 2152 Quid
1273 2116 1337 2140 ex.

257 2168 430 2218 spectatis
448 2168 460 2205 ?
498 2165 563 2203 nisi
593 2165 688 2204 forte
719 2165 835 2215 pudet
865 2174 927 2204 aut
959 2165 1063 2218 piget
1082 2176 1180 2206 recte
1198 2166 1331 2209 facere.
