1497 2689
170 274 256 312 -112
376 271 691 311 SALLUSTII
720 273 1063 313 JUGURTHA.

174 384 258 422 dein
278 393 440 435 repente,
461 384 566 435 signo
586 385 688 429 dato,
713 386 829 423 hostis
849 387 997 423 invadit.
1069 385 1253 424 Numidae

173 449 234 487 alii
262 458 466 500 postremos
495 449 669 494 caedere3
697 463 780 500 pars
809 464 830 487 a
861 451 1001 488 sinistra
1030 464 1072 488 ac
1103 451 1255 488 dextera

174 522 339 552 tentare:
369 512 498 550 infensi
518 513 641 550 adesse
660 523 770 563 atque
789 514 920 552 instare
936 531 945 553 :
977 515 1144 552 omnibus
1162 515 1253 553 locis

178 578 430 616 Romanorum
449 577 592 615 ordines
611 579 830 615 conturbare
848 594 859 624 ;
889 594 1043 632 quorun}
1062 581 1171 618 etiam
1191 580 1254 631 qui

176 643 395 681 firmioribus
414 642 539 679 animis
568 643 664 679 obvii
693 643 860 680 hostibus
890 643 1046 688 fuerant,
1075 644 1255 682 ludificati

176 707 316 745 incerto
336 706 489 757 proelio,
519 706 586 756 ipsi
610 707 720 744 modo
738 707 876 744 eminus
896 708 1163 753 sauciabantur,
1194 723 1257 746 ne-

177 787 250 824 que
270 782 397 810 contra
428 772 596 816 feriundi,
626 781 690 809 aut
720 786 865 809 manum
895 773 1120 817 conserendi,
1149 773 1256 823 copia

176 846 269 875 erat.
310 835 454 874 *Antea
479 839 552 888 jam
573 825 674 873 docti
694 837 738 872 ab
761 837 961 887 Jugurtha,
991 837 1146 886 equites,
1177 837 1258 874 ubi-

178 915 336 951 cumque
369 902 623 938 Romanorum
655 901 762 937 turba
794 895 937 951 insequi¹
965 909 1153 951 coeperat,
1183 914 1255 938 non

178 965 372 1011 confertim
402 979 520 1015 neque
550 965 585 1001 in
616 979 728 1002 unum
755 980 830 1003 sese
858 967 1097 1016 recipiebant,
1119 961 1191 1003 ⁴sed
1221 979 1259 1002 a-

178 1029 246 1067 lius
266 1029 350 1074 alio,
379 1043 487 1080 quam
518 1044 684 1066 maxume
714 1030 859 1067 divorsi.
920 1031 980 1068 Ita
1009 1045 1157 1068 numero
1185 1030 1260 1081 pri-

177 1109 270 1137 ores,
287 1094 315 1130 si
330 1094 375 1130 ab
396 1094 646 1144 persequendo
666 1094 783 1131 hostis
804 1096 984 1132 deterrere
1005 1096 1257 1146 nequiverant,

180 1160 351 1211 disjectos
370 1159 415 1195 ab
445 1167 565 1209 tergo,
597 1168 659 1196 aut
681 1159 868 1204 lateribus,
899 1160 1255 1198 circumveniebant:

180 1225 233 1261 sin
253 1223 496 1274 opportunior
514 1223 624 1274 fugae
644 1223 759 1268 collis,
780 1238 888 1275 quam
904 1225 1022 1275 campi
1042 1225 1198 1270 fuerant,
1217 1238 1260 1262 ea

182 1304 266 1326 vero
287 1289 451 1326 consueti
482 1288 725 1325 Numidarum
749 1289 833 1339 equi
859 1289 964 1326 facile
986 1290 1081 1327 inter
1094 1289 1259 1341 'virgulta

181 1354 331 1391 evadere
349 1369 360 1398 ;
389 1362 532 1390 nostros
551 1352 737 1402 asperitas,
766 1362 804 1390 et
831 1353 1021 1391 insolentia
1038 1354 1111 1392 loci
1129 1355 1262 1392 retine-

182 1420 260 1456 bat.

238 1547 313 1585 LI.
371 1546 585 1584 CETERUM
608 1544 718 1583 facies
732 1546 847 1583 totius
862 1546 1001 1598 negotii
1020 1547 1129 1591 varia,
1148 1546 1263 1584 incer-

184 1624 235 1657 ta,
265 1612 373 1650 foeda
391 1621 502 1661 atque
517 1610 726 1648 miserabilis
744 1626 753 1648 ε
784 1611 934 1661 dispersi
949 1625 969 1647 a
989 1611 1073 1656 suis,
1101 1625 1185 1662 pars
1204 1626 1264 1649 ce-

185 1679 284 1721 dere,
312 1676 371 1713 alii
389 1675 552 1725 insequi:
584 1689 706 1724 nequev
733 1675 848 1726 signa,
876 1690 992 1726 neque
1021 1676 1164 1713 ordines
1196 1677 1265 1713 ob-

186 1757 351 1781 servare:
382 1741 445 1778 ubi
465 1754 645 1790 quemque
665 1740 867 1790 periculum
893 1750 1053 1790 ceperat,
1081 1741 1132 1777 ibi
1162 1741 1265 1778 resis-

185 1817 262 1845 tere
291 1821 332 1844 ac
361 1805 600 1856 propulsare:
636 1795 751 1848 arma,
779 1804 865 1848 tela,
893 1805 990 1854 equi,
1019 1805 1097 1849 viri,
1126 1805 1263 1850 hostes,

186 1873 282 1910 cives
301 1871 495 1921 permixti:
527 1869 614 1906 nihil
633 1868 798 1912 consilio,
837 1883 953 1919 neque
978 1869 1142 1919 imperio,
1173 1869 1262 1920 agi:

188 1937 262 1974 fors
281 1935 400 1972 omnia
418 1949 555 1986 regere.
615 1935 747 1984 Itaque
775 1933 930 1970 multum
950 1933 1007 1970 die
1026 1943 1264 1983 processerat,

188 2015 272 2038 cum
291 2001 400 2037 etiam
414 2009 493 2036 tum
512 2008 661 2036 eventus
685 1998 719 2034 iu
751 1997 890 2034 incerto
920 2007 1009 2035 erat.
1077 1998 1265 2048 Denique,

189 2066 356 2102 omnibus
374 2064 495 2101 labore
511 2073 546 2100 et
567 2072 669 2100 aestu
687 2061 882 2113 languidis,
913 2061 1102 2106 Metellus,
1130 2061 1194 2098 ubi
1213 2061 1268 2098 vi-

190 2130 253 2170 det
269 2129 447 2168 Niunidas
462 2129 577 2166 minus
593 2128 737 2172 instare,
757 2128 945 2178 paullatim
959 2127 1089 2166 milites
1103 2127 1139 2164 in
1154 2140 1267 2165 unum
