1497 2689
179 286 230 322 3ss
383 284 696 323 SALLUSTII
727 284 1031 324 CATILINA.

229 394 433 432 XLVIII.
467 397 658 434 INTEREA
693 395 829 446 plebes,
862 397 1108 448 conjuratione
1145 406 1247 447 pate,

175 458 285 503 facta,
302 473 392 510 quae
411 460 541 509 primO,
562 461 694 510 cupida
708 475 825 498 rerum
845 475 1030 504 novarum,
1049 461 1151 498 nimis
1169 461 1246 499 bel-

171 524 210 561 lo
227 524 382 570 favebat,
398 535 537 563 mutata
552 535 684 570 mente,
701 526 876 564 Catilinae
891 526 1037 563 consilia
1056 527 1246 572 exsecrari,

175 590 389 627 Ciceronem
409 590 454 626 ad
473 591 615 627 coelum
643 590 794 635 tollere3
823 590 933 627 veluti
951 604 995 627 ex
1020 591 1191 628 servitute
1209 605 1248 628 e-

174 664 289 703 repta,
310 654 484 705 gaudium
503 663 612 706 atque
631 654 802 691 laetitiam
828 654 1027 705 agitabant.
1076 654 1247 705 Namque

173 718 240 754 alia
258 719 343 755 belli
363 718 523 756 facinora
541 719 694 770 praedae
713 718 842 769 magis,
872 732 979 769 quam
998 718 1216 755 detrimento
1234 733 1246 763 ς

173 782 378 819 incendium
393 797 476 837 vero
493 783 651 826 crudele,
672 782 963 825 immoderatum,
979 795 1020 818 ac
1040 782 1105 818 sibi
1121 795 1248 819 maxu-

173 860 229 882 me
244 847 505 891 calamitosum,
537 849 690 897 putabat
706 863 716 892 ;
748 846 881 897 quippe
901 846 960 883 cui
978 860 1101 883 omnes
1121 846 1247 896 copiae

171 910 206 946 in
227 925 293 947 usu
315 911 526 962 quotidiano
540 921 577 948 et
593 911 695 948 cultu
714 911 877 960 corporis
896 919 1009 947 erant.
1058 910 1150 947 Post
1163 923 1247 947 eum

172 975 280 1018 diem,
310 975 454 1026 quidam
484 976 533 1012 L.
555 975 778 1026 Tarquinius
806 975 852 1011 ad
880 985 1040 1012 senatum
1066 975 1246 1012 adductus

171 1049 260 1082 crat,
293 1053 413 1090 quem,
438 1041 484 1076 ad
504 1040 698 1078 Catilinam
717 1040 1021 1089 proficiscentem,
1052 1053 1096 1076 ex
1121 1039 1248 1076 itinere

171 1114 368 1141 retractum
398 1105 553 1142 aiebant.
612 1106 651 1141 Is
681 1119 764 1141 cum
785 1118 820 1140 se
840 1104 976 1141 diceret
1003 1104 1246 1141 indicaturum

171 1171 216 1206 de
236 1170 496 1221 conjuratione,
517 1170 545 1206 si
565 1170 652 1206 fides
674 1169 819 1217 publica
838 1169 922 1206 data
941 1178 1034 1206 esset
1053 1184 1062 1214 ;
1086 1171 1206 1220 jussus
1226 1183 1246 1206 a

171 1233 330 1277 consule,
363 1248 453 1285 quae
479 1234 586 1270 sciret
604 1234 757 1277 edicere,
781 1233 905 1269 eadem
926 1232 1012 1276 fere,
1045 1246 1134 1284 quae
1154 1232 1248 1270 Vol-

171 1299 321 1342 turcius,
353 1300 396 1336 de
416 1299 549 1375 1321sz
568 1297 752 1340 incendiis,
787 1297 830 1333 de
851 1298 959 1333 caede
979 1298 1171 1341 bonorum,
1200 1298 1246 1334 de

171 1365 295 1402 itinere
335 1366 509 1409 hostium,
539 1352 718 1402 :senatum
769 1364 899 1401 edocet
917 1379 926 1398 ε
984 1372 1168 1413 praeterea
1209 1378 1246 1401 se

170 1430 317 1466 missurn
345 1444 367 1466 a
399 1430 457 1466 M.
493 1430 639 1472 Crasso,
673 1429 734 1479 qui
767 1428 943 1465 Catilinae
976 1428 1174 1471 nunciaret,
1201 1442 1248 1465 ne

172 1494 367 1538 Lentulus,
397 1495 600 1544 Cethegus,
629 1494 685 1530 alii
704 1508 748 1530 ex
769 1493 1014 1544 conjuratione
1035 1493 1247 1542 deprehensi

170 1568 371 1604 terrerent3
400 1573 515 1610 eoque
546 1559 660 1609 magis
690 1567 901 1608 properaret
926 1558 971 1594 ad
996 1559 1122 1595 urbem
1144 1572 1245 1596 acce-

171 1624 268 1667 dere,
290 1637 362 1674 quo
382 1632 420 1660 et
440 1632 645 1660 ceterorum
665 1623 800 1659 animos
826 1623 1004 1666 reficeret,
1032 1631 1069 1659 et
1089 1621 1139 1658 iili
1158 1622 1248 1659 faci-

170 1688 237 1724 lius
264 1702 283 1724 e
316 1687 477 1737 periculo
497 1687 730 1736 eriperentur.
808 1688 894 1730 Sed,
936 1687 997 1723 ubi
1025 1687 1246 1738 Tarquinius

171 1754 345 1790 Crassum
365 1752 573 1794 nominavit,
596 1752 779 1788 hominem
798 1751 968 1794 nobilem,
997 1751 1174 1788 maxumis
1193 1752 1247 1788 di-

171 1817 277 1859 vitiis,
307 1830 444 1852 summa
472 1816 662 1865 potenti23
692 1815 763 1859 alii,
790 1830 865 1852 rem
885 1814 1129 1852 incredibilem
1149 1816 1245 1861 rati3

171 1896 265 1932 sarz,
286 1891 405 1918 tamen
425 1881 490 1918 etsi
512 1896 634 1918 verum
653 1881 933 1925 existumabant,
953 1889 1087 1925 tamen,
1109 1882 1192 1933 quia
1209 1882 1246 1919 in

171 1947 234 1983 tali
254 1956 418 1996 ternpore
439 1956 540 1983 tanta
556 1946 605 1983 vis
624 1946 778 1983 hominis
797 1946 975 1989 leniunda,
997 1961 1104 1997 quam
1123 1947 1247 1999 exagi-

171 2012 293 2054 tanda,
313 2011 514 2054 videbatur,
534 2010 695 2061 plerique
716 2012 847 2048 Crasso
866 2025 910 2047 ex
931 2010 1085 2062 negotiis
1100 2012 1246 2061 privatis

173 2075 334 2118 obnoxii,
368 2075 609 2118 conclamant,
645 2075 808 2112 Iudicem
828 2075 956 2112 falsum
974 2091 984 2120 ς
1025 2076 1141 2127 deque
1155 2090 1196 2117 ea
1210 2091 1248 2114 re

171 2139 358 2192 pustulam
374 2139 427 2176 uti
443 2139 630 2176 referatur.
675 2140 820 2191 Itaque,
833 2139 1041 2177 consulente
1058 2140 1248 2196 Cicerone,
