1451 2719
353 324 667 364 SALLUSTII
697 324 1038 365 JUGURTHA.
1154 329 1231 365 109

154 437 276 480 nebat,
322 436 564 486 frequentiam
603 438 873 488 negotiatorum
910 446 947 474 et
985 446 1229 473 commeatum

158 504 388 554 [iuvaturum
419 502 642 551 exercitum]
676 503 784 539 ctiam
814 501 947 552 paratis
978 501 1084 538 rebus
1115 501 1232 537 muni-

154 574 277 603 mento
298 564 388 602 fore.
442 566 543 602 Inter
563 567 650 603 haec
668 566 815 617 negotia
829 565 1017 616 Jugurtha
1036 564 1230 613 impensius

154 630 265 667 modo
284 629 427 681 legatos
448 630 630 680 supplices
651 630 807 673 mittere,
828 642 955 679 pacem
974 641 1099 673 orare3
1129 642 1233 678 prae-

153 703 212 732 ter
229 707 329 731 suam
355 693 623 744 liberorumque
643 694 753 730 vitam
772 693 892 729 omnia
913 691 1069 730 Metello
1086 692 1230 730 dedere.

156 760 262 809 Quos
276 759 437 801 item‚uti
454 759 602 808 priores,
615 756 901 801 consul,illectos
916 757 962 793 ad
973 756 1232 806 proditionem,

155 823 304 860 domum
327 823 562 860 dimittebat:
594 822 670 873 regi
699 835 840 872 pacem,
869 834 978 871 quam
1007 819 1232 870 postulabat,

153 901 271 937 neque
300 887 470 930 abnuere,
502 900 617 936 neque
649 886 826 936 polliceri,
857 895 895 923 et
923 886 1018 922 inter
1035 899 1094 922 eas
1114 899 1231 923 moras

155 951 331 1001 promissa
352 950 559 1002 legatorum
579 959 803 1000 exspectare.

193 1078 399 1116 XLVIII.
415 1079 534 1116 JUGU
544 1092 595 1115 κτ
605 1092 625 1114 Η
635 1079 743 1122 Α,ιὼί
757 1077 902 1115 Metelli
917 1078 1016 1116 dicta
1030 1092 1113 1115 cum
1127 1078 1233 1116 factis

153 1143 376 1192 composuit,
404 1156 445 1178 ac
475 1156 511 1179 se
540 1142 611 1179 suis
636 1142 774 1179 artibus
793 1142 925 1179 tentari
944 1143 1198 1180 animadvortit
1219 1159 1236 1188 ;

153 1207 292 1257 quippe
311 1206 370 1243 cui
390 1206 507 1243 verbis
526 1219 598 1256 pax
619 1206 871 1250 nunciabatur,
899 1217 1062 1243 ceterum
1091 1220 1128 1244 re
1156 1207 1233 1244 bel·

153 1270 230 1308 lum
248 1284 495 1320 asperrumum
524 1279 616 1314 erat,
646 1270 731 1307 urbs
759 1283 926 1306 maxuma
949 1269 1117 1316 alienata,
1145 1284 1235 1322 ager

153 1335 322 1372 hostibus
341 1334 526 1386 cognitus,
555 1335 662 1372 animi
684 1335 916 1385 popularium
935 1336 1067 1373 tentati
1087 1351 1097 1381 ς
1125 1350 1234 1373 coac-

157 1407 214 1437 tus
234 1413 354 1436 rerum
373 1399 650 1443 necessitudine,
672 1399 802 1437 statuit
821 1400 927 1436 armis
947 1409 1098 1437 certare.
1156 1401 1236 1452 Igi-

155 1472 230 1507 tur,
245 1463 438 1513 explorato
457 1463 617 1499 hostium
634 1463 774 1507 itinere,
802 1463 837 1499 in
859 1477 961 1513 spem
981 1463 1152 1500 victoriae
1171 1465 1236 1501 ad-

159 1527 296 1564 ductus
314 1540 359 1564 ex
379 1527 658 1577 opportunitate
683 1526 769 1571 loci,
798 1540 888 1576 quas
907 1541 1094 1565 maxumas
1112 1529 1235 1578 copias

158 1600 284 1641 potest
303 1591 464 1627 omnium
484 1604 658 1642 generum
686 1599 804 1640 parat,
834 1605 876 1628 ac
906 1605 973 1641 per
990 1592 1153 1629 tramites
1171 1607 1238 1630 oc-

155 1655 276 1693 cultos
291 1655 492 1692 exercitum
514 1654 656 1692 Metelli
672 1656 867 1692 antevenit.
917 1656 1010 1693 Erat
1025 1657 1060 1693 in
1074 1670 1117 1694 ea
1131 1666 1235 1707 parte

156 1720 365 1763 Numidiae,
394 1732 503 1769 quam
531 1718 727 1756 Adherbal
753 1720 788 1756 in
809 1720 981 1757 divisione
1010 1721 1239 1770 possederat,

156 1783 289 1820 flumen
308 1783 427 1819 oriens
446 1796 467 1819 a
485 1783 646 1826 meridie,
666 1783 808 1820 nomine
829 1783 987 1821 Muthul
1003 1800 1014 1830 ;
1042 1798 1063 1821 a
1078 1799 1152 1835 quo
1171 1787 1236 1823 ab·

132 1863 136 1866 ·
155 1857 233 1885 erat
252 1861 354 1885 mons
374 1846 485 1885 ferme
506 1847 617 1884 millia
635 1861 807 1897 passuum
827 1863 890 1886 xx.
909 1858 1029 1887 tractu
1049 1851 1141 1900 pari,
1159 1866 1236 1888 vas-

155 1920 216 1949 tus
229 1911 275 1949 ab
291 1920 419 1959 natura
432 1921 470 1949 et
485 1912 643 1948 humano
659 1911 780 1950 cultu:
798 1912 860 1950 sed
874 1927 918 1950 ex
934 1928 978 1951 eo
994 1915 1113 1951 medio
1131 1917 1235 1966 quasi

155 1975 258 2013 collis
276 1975 474 2020 oriebatur,
495 1976 528 2012 in
549 1976 760 2013 immensum
779 1977 975 2026 pertinens,
995 1978 1146 2016 vestitus
1161 1979 1237 2018 ole-

155 2049 253 2078 astro
273 2054 315 2078 ac
335 2040 502 2084 mirtetis,
535 2040 683 2090 aliisque
711 2042 904 2092 generibus
929 2043 1113 2088 arborum,
1141 2059 1235 2095 quae

154 2106 256 2143 humi
275 2107 375 2143 arido
395 2115 505 2156 atque
524 2120 674 2143 arenoso
693 2106 909 2158 gignuntur.
967 2108 1094 2146 Media
1113 2120 1238 2147 autem

157 2169 326 2219 planicies
345 2171 486 2208 deserta
507 2169 656 2220 penuria
676 2183 802 2220 aquae,
830 2180 975 2221 practer
993 2172 1130 2209 flumini
1149 2188 1234 2223 pro-
