1497 2689
156 194 183 232 6
362 192 675 231 SALLUSTH
706 192 1017 232 CAT1L1NA:

154 312 289 353 corpus
308 303 408 340 annis
432 304 628 349 infirmum,
657 305 843 356 ingenium
861 304 1036 354 sapientia
1055 293 1239 349 validum}

154 368 374 418 reipublicae
405 368 659 405 consultabant
673 383 684 405 z
726 369 763 405 hi
793 368 849 405 vel
873 377 1005 412 aetate,
1036 367 1091 404 vel
1120 381 1227 405 curae

154 432 405 477 similitudine,¹
423 433 591 470 Parnes
613 432 902 482 appellabantur.
924 441 932 462 ²
961 432 1064 475 Post,
1093 431 1156 468 ubi
1175 445 1230 487 rg-

152 497 257 550 gium
275 497 479 547 imperium,
509 497 611 546 quod
629 497 731 533 initio
751 497 1012 547 conservandae
1038 495 1229 538 libertatis,

150 571 264 612 atque
283 562 471 613 augendae
491 562 725 612 reipublicae,
740 560 873 605 fuerat,
892 561 927 597 in
944 560 1148 610 superbiam
1163 561 1230 597 do-

151 626 459 675 minationemque
488 626 671 662 convertit
693 641 704 670 ;
746 625 939 661 immutato
970 638 1081 668 more,
1111 637 1230 661 annua

150 690 315 740 imperia,
343 689 521 742 binosque
539 678 774 738 imperatores
795 688 860 725 sibi
880 687 997 725 fecere
1014 704 1023 726 ε
1054 702 1097 724 eo
1117 688 1230 724 modo

150 755 308 798 minume
327 754 433 802 posse
451 743 631 802 putabant
641 754 715 802 'per
728 752 910 789 licentiam
925 751 1137 789 insolescere
1154 751 1230 788 ani-

150 832 250 855 mum
269 817 481 854 humanum.
498 822 514 846 -'·

203 947 302 983 VII.
325 947 408 983 SED
427 959 469 982 ea
482 953 700 994 tempestate
715 957 867 994 coepere
883 957 919 980 se
935 943 1089 993 quisque
1108 943 1229 980 extol-

148 1009 234 1054 lere,
258 1010 449 1061 mag-isque
467 1010 654 1060 ingenium
672 1009 707 1045 in
727 1017 903 1058 promptu
922 1009 1068 1045 habere.
1130 1008 1227 1046 Nam

148 1074 297 1124 regibus
315 1074 416 1117 boni,
439 1087 550 1122 quam
568 1073 666 1116 mali,
689 1072 930 1122 suspectiores
951 1081 1049 1116 sunt,
1070 1086 1228 1121 semper-

146 1152 220 1188 que
238 1139 294 1175 his
313 1138 427 1175 aliena
445 1139 559 1175 virtus
590 1137 825 1174 formidolosa
854 1147 922 1174 est.
982 1138 1058 1174 Sed
1085 1137 1227 1190 civitas,

146 1203 356 1240 incredibile
375 1212 577 1239 memoratu
596 1211 666 1246 est,
685 1203 818 1251 adepta
838 1201 1019 1245 libertate,
1044 1210 1226 1251 quantum

146 1268 247 1304 brevi
266 1267 418 1304 creverit
433 1282 444 1304 ι
472 1275 576 1303 tanta
589 1266 725 1315 cupido
741 1265 876 1316 glon'ae
892 1266 1098 1303 incesserat.
1142 1266 1226 1303 Jam

144 1331 304 1382 primum
317 1333 505 1382 juventus,
528 1329 635 1366 simul
652 1330 785 1366 laboris
805 1343 845 1366 ac
866 1330 951 1367 belli
971 1330 1112 1380 patiens
1131 1339 1224 1374 erat,

142 1396 327 1433 incastris
356 1410 424 1445 per
441 1409 547 1432 usum
566 1394 730 1431 militium
749 1395 911 1431 discebat
931 1410 940 1431 :
971 1395 1162 1445 magisque
1187 1395 1224 1431 in

144 1461 287 1498 decoris
316 1460 422 1496 armis
451 1468 490 1496 et
519 1458 733 1495 militaribus
764 1459 880 1508 equis,
910 1471 1019 1508 quam
1039 1459 1075 1495 in
1096 1459 1226 1496 scortis

143 1534 255 1574 atque
270 1523 456 1567 conviviis,
475 1522 674 1559 lubidinem
688 1523 885 1560 habebant.
946 1524 1069 1574 Igitur
1088 1523 1228 1561 talibus

143 1590 228 1625 viris
257 1602 329 1625 non
348 1587 453 1624 labos
474 1587 654 1631 insolitus,
684 1601 755 1623 non
773 1587 877 1624 locus
899 1587 991 1624 ullus
1025 1601 1130 1638 asper
1161 1598 1225 1625 aut

143 1654 279 1691 arduus
297 1661 388 1696 erat,
407 1666 481 1688 non
499 1660 659 1688 armatus
674 1652 788 1688 hostis
804 1651 1060 1689 formidolosus
1075 1667 1086 1690 t
1109 1653 1225 1689 virtus

144 1719 267 1756 omnia
285 1718 489 1755 domuerat.
547 1717 622 1753 Sed
644 1716 781 1766 gloriae
810 1730 1021 1753 maxumum
1041 1726 1222 1754 certamen

143 1784 239 1820 inter
256 1783 355 1832 ipsos
373 1790 474 1818 erat:
505 1794 582 1817 sese
601 1781 755 1830 quisque
775 1781 918 1818 hostem
937 1781 1057 1826 ferire,
1077 1796 1224 1820 murum

143 1847 376 1890 adscendere,
395 1845 557 1894 conspici
572 1844 660 1881 dum
673 1844 746 1881 tale
761 1844 901 1882 facinus
921 1845 1070 1891 faceret,
1090 1861 1224 1897 prope-

143 1912 275 1948 nbat:
305 1923 363 1947 eas
383 1909 538 1953 divitias,
565 1922 645 1945 eam
672 1910 803 1946 bonam
824 1909 957 1946 famam
977 1923 1224 1961 magnamque

144 1975 373 2013 nobilitatem
387 1974 568 2024 putabant
582 1989 592 2011 ;
612 1973 729 2009 laudis
743 1974 851 2018 avidi,
872 1975 1046 2024 pecuniae
1061 1975 1224 2013 liberales

145 2050 244 2078 erant
261 2055 271 2077 :
306 2038 459 2090 gloriam
474 2039 673 2089 ingentem,
694 2038 836 2076 divitias
851 2039 1020 2077 honestas
1039 2039 1222 2079 volebant.
1235 2046 1243 2049 “
