1497 2689
234 323 284 357 58
440 316 755 357 SALLUSTII
786 317 1092 360 CATILINA.

289 429 406 467 LXI.
439 430 534 474 SED,
564 429 736 467 confecto
756 431 908 480 proelio,
937 440 1016 468 turn
1032 444 1116 468 vero
1136 440 1311 475 cerneres,

235 503 373 544 quanta
392 494 555 538 audacia,
585 503 796 545 quantaque
816 496 923 532 animi
943 496 994 532 vis
1009 495 1136 533 fuisset
1155 495 1190 532 in
1210 509 1314 533 exer-

234 559 311 595 citu
334 557 525 596 Catilinae.
584 558 680 595 Nam
701 558 788 603 fere,
809 574 917 609 quem
937 560 1091 610 quisque
1111 561 1313 612 pugnando

234 621 355 658 locum
375 630 536 672 ceperat,
565 636 662 666 eum,
682 623 809 659 amissa
828 623 956 668 anima,
977 638 1130 675 corpore
1145 624 1310 675 tegebat.

235 686 348 723 Pauci
364 695 499 730 autem,
521 700 613 735 quos
629 686 760 723 cohors
774 687 956 736 praetoria
975 688 1175 739 disjecerat,
1189 687 1313 738 paullo

234 751 421 795 diversius,
452 751 514 787 sed
533 765 658 787 omnes
678 759 798 787 tamen
819 752 974 788 adversis
986 751 1204 796 volneribus,
1225 766 1314 789 con-

233 816 409 852 ciderant.
483 814 642 852 Catilina
662 829 744 851 vero
763 814 873 866 longe
893 829 913 851 a
933 816 1003 852 suis
1033 816 1127 853 inter
1150 816 1313 853 hostium

233 879 407 916 cadavera
426 886 590 928 repertus
605 887 674 922 est,
695 878 897 928 paullulum
917 879 1026 915 etiam
1046 880 1198 929 spirans,
1219 879 1315 917 fero-

233 943 401 993 ciamque
421 942 542 986 animi,
562 956 672 992 quam
691 943 868 980 habuerat
889 943 1002 987 vivus,
1032 944 1067 980 in
1094 943 1203 980 voltu·
1232 943 1318 981 reti-

233 1020 331 1045 nens.
391 1007 596 1050 Postremo,
625 1021 669 1043 ex
690 1007 788 1043 omni
807 1007 928 1057 copia,
957 1021 1074 1057 neque
1093 1008 1129 1044 in
1160 1007 1315 1058 proelio,

234 1084 351 1122 neque
370 1072 406 1108 in
426 1071 530 1124 fuga,
559 1071 752 1121 quisquam
771 1071 858 1108 civis
877 1072 1056 1123 ingenuus
1075 1081 1207 1122 captus
1224 1087 1233 1110 :
1265 1072 1317 1110 ita

232 1136 357 1174 cuncti
396 1149 480 1172 suae
524 1135 759 1185 hostiumque
792 1135 886 1172 vitae
913 1138 1022 1187 juxta
1060 1144 1312 1186 pepercerant.

235 1201 367 1250 Neque
387 1208 507 1236 tamen
528 1199 710 1236 exercitus
731 1198 859 1249 populi
895 1199 1053 1236 Romani
1086 1199 1218 1237 laetam
1251 1207 1317 1236 aut

232 1265 457 1301 incruentam
491 1264 680 1300 victoriam
710 1263 865 1312 adeptus
882 1278 892 1301 :
936 1277 1018 1300 nam
1048 1263 1318 1300 strenuissimus

233 1328 388 1378 quisque
408 1336 472 1364 aut
491 1327 676 1364 occiderat
695 1328 731 1363 in
750 1327 904 1376 proelio,
925 1337 988 1364 aut
1009 1327 1174 1379 gravitur
1193 1327 1319 1364 vulne-

233 1401 332 1430 ratus
346 1392 570 1429 discesserat.
602 1390 718 1430 Multi
733 1399 868 1435 autern,
904 1391 964 1442 qui
984 1392 1029 1428 de
1049 1391 1176 1428 castris
1196 1392 1316 1428 visun-

232 1458 292 1502 di‚-
312 1467 376 1494 aut
397 1455 589 1506 spoliandi,
611 1455 729 1506 gratia
748 1464 1012 1504 processerant,
1033 1455 1217 1492 volventes
1228 1456 1315 1492 hos-

231 1522 309 1560 tilia
328 1521 515 1564 cadavera,
543 1520 701 1557 amicum
721 1519 792 1563 alii,
821 1533 904 1569 pars
923 1519 1119 1569 hospitem,
1140 1528 1203 1556 aut
1222 1533 1314 1571 cog-

232 1597 371 1631 natum,
405 1585 632 1636 reperiebant
651 1599 660 1621 z
690 1583 791 1620 fuere
821 1583 922 1627 item,
952 1584 1015 1633 qui
1034 1583 1198 1621 inimicos
1229 1597 1314 1621 suos

234 1658 513 1702 cognoscerent.
573 1649 634 1685 Ita
653 1648 747 1684 varie
766 1661 832 1697 per
859 1661 1002 1684 omnem
1021 1647 1222 1684 exercitum
1240 1646 1314 1684 lae-

234 1716 331 1760 titia,
360 1728 517 1759 moeror,
545 1713 668 1751 luctus
687 1721 799 1765 atque
818 1712 952 1764 gaudia
971 1712 1218 1764 agitabantur.

1053 2102 1100 2140 C.
1128 2101 1320 2140 CRISPI·
