1451 2719
316 323 631 364 SALLUSTII
662 322 1003 361 JUGURTHA.
1120 325 1193 361 103

174 437 291 476 XLI.
322 433 536 474 Genuum
561 449 638 472 mos
658 436 814 485 partium
835 435 1063 486 popularium
1082 444 1120 472 et
1141 449 1195 473 sc-

118 503 194 540 nati
216 502 431 544 factionum,
459 514 500 537 ac
522 500 650 537 deinde
670 501 829 537 omnium
856 499 1028 536 malarum
1047 499 1192 544 artium,

121 566 248 617 paucis
274 576 356 602 ante
377 565 475 601 annis
511 564 650 601 Romae
670 574 786 607 ortus,
806 564 898 608 otio,
918 573 954 601 et
975 564 1196 601 abundantia

120 645 242 668 earum
272 644 403 673 rerum,
433 643 524 679 quae
552 629 667 678 prima
686 629 854 666 mortales
874 630 1026 666 ducunt.
1084 630 1195 674 Nam,

118 704 202 732 ante
252 694 514 743 Carthaginem
559 692 727 737 deletam,
775 692 934 742 populus
977 702 1013 730 et
1053 702 1196 730 senatus

123 759 311 796 Romanus
331 758 473 808 placide
505 757 739 806 modesteque
760 757 853 794 inter
878 771 914 794 se
937 757 1197 807 rempublicam

118 823 326 860 tractabant
347 837 355 858 :
388 835 504 870 neque
525 820 674 871 gloriae,
699 834 814 870 neque
834 821 1101 865 dominationis,
1121 836 1199 859 cer—

117 897 237 925 tamen
259 888 354 923 inter
373 887 460 923 civis
483 895 559 922 erat
578 900 587 923 ε
620 894 737 922 metus
765 886 905 923 hostilis
926 887 959 923 in
981 888 1085 924 bonis
1113 888 1200 925 arti-

119 953 188 989 bus
209 952 395 989 civitatem
409 950 599 987 retinebat.
659 951 746 994 Sed,
767 951 827 988 ubi
848 951 906 987 illa
926 951 1081 990 formido
1102 968 1201 991 men-

121 1016 220 1054 tibus
235 1015 398 1052 discessit
417 1030 427 1059 ;
449 1013 586 1050 scilicet
605 1028 660 1058 ea,
688 1029 779 1064 quae
801 1016 977 1053 secundae
993 1031 1047 1054 res
1063 1026 1197 1062 amant,

120 1081 266 1118 lascivia
285 1089 396 1129 atque
416 1078 596 1128 superbia,
623 1077 810 1116 incessere.
871 1081 943 1123 Ita,
964 1082 1064 1130 quod
1083 1083 1117 1118 in
1138 1083 1202 1119 ad-

122 1145 235 1182 vorsis
267 1144 374 1180 rebus
403 1150 632 1192 optaverant,
678 1142 809 1186 otium,
841 1153 1038 1194 postquam
1075 1147 1200 1196 adepti

123 1217 220 1252 sunt,
250 1207 410 1258 asperius
440 1206 676 1255 acerbiusque
708 1206 791 1243 fuit.
851 1209 1021 1259 Namque
1049 1225 1201 1261 coepere

122 1273 294 1312 nobilitas
323 1272 555 1324 dignitatem,
586 1270 747 1320 populus
767 1271 986 1317 libertatem,
1013 1274 1048 1311 in
1069 1275 1203 1312 lubidi—

121 1353 202 1377 nem
222 1346 388 1376 vertere:
420 1337 487 1374 sibi
517 1337 670 1386 quisquc
700 1337 846 1381 ducere,
877 1338 1032 1383 trahere,
1063 1353 1200 1390 rapere.

123 1405 184 1442 Ita
203 1403 322 1441 omnia
342 1403 377 1439 in
398 1403 488 1439 duas
508 1410 630 1451 partes
645 1401 830 1438 abstracta
849 1411 932 1439 sunt
949 1418 959 1448 3
986 1404 1202 1454 respublica,

122 1483 214 1520 quae
226 1468 343 1506 media
355 1467 488 1510 fuerat,
501 1466 708 1503 dilacerata.
731 1466 905 1503 Ceterum
921 1467 1205 1506 nobilitasfacti·

121 1548 190 1571 one
203 1533 317 1584 magis
329 1531 510 1582 pollebat:
527 1530 642 1581 plebis
656 1531 718 1575 vis,
727 1531 857 1575 soluta,
874 1541 984 1581 atque
996 1532 1155 1582 dispersa
1168 1533 1203 1576 in

129 1597 379 1640 multitudine,
399 1595 514 1632 minus
534 1604 704 1645 poterat:
732 1609 932 1645 paucorum
952 1596 1100 1633 arbitrio
1119 1596 1205 1634 belli

125 1662 298 1712 domique
329 1660 567 1712 agitabatur:
598 1674 709 1709 penes
729 1659 874 1696 eosdem
903 1661 1089 1704 aerarium,
1120 1675 1206 1711 pro-

125 1725 276 1769 vinciae,
297 1724 543 1776 magistratus,
561 1724 696 1774 gloriae
716 1724 964 1774 triumphique
983 1735 1082 1762 crant
1102 1740 1110 1762 :
1135 1739 1206 1775 po-

126 1790 237 1842 pulus
257 1789 385 1826 militia
403 1798 514 1839 atque
534 1789 655 1838 inopia
678 1789 904 1839 urguebatur
921 1804 931 1830 ς
960 1790 1110 1838 praedas
1129 1789 1207 1826 bel-

125 1855 214 1892 licas
244 1855 480 1904 imperatores
503 1867 588 1890 cum
619 1853 745 1903 pauci?
773 1853 1002 1902 diripiebant.
1062 1854 1208 1891 Interea

126 1927 294 1970 parentes
315 1926 378 1954 aut
399 1917 498 1967 parvi
518 1917 620 1953 liberi
641 1916 810 1960 militum,
840 1925 881 1953 ut
902 1917 1056 1967 quisque
1075 1926 1206 1967 poten-

126 1983 213 2020 tiori
244 1981 395 2020 confinis
428 1990 519 2025 erat,
553 1981 698 2017 sedibus
730 1979 970 2029 pellebantur.
1029 1982 1089 2018 Ita
1121 1996 1206 2019 cum

128 2047 297 2097 potentia
325 2046 473 2083 avaritia
501 2046 575 2082 sine
604 2045 713 2081 modo
746 2045 995 2095 modestiaque
1026 2045 1206 2090 invadere,

128 2111 304 2161 polluere,
324 2121 361 2148 et
382 2119 518 2147 vastare
537 2110 681 2153 omnia;
705 2109 791 2145 nihil
811 2109 925 2159 pensi,
946 2125 1062 2161 neque
1077 2111 1205 2155 sancti,

127 2176 275 2220 habere,
305 2176 425 2226 quoad
446 2183 558 2212 semet
577 2174 653 2224 ipsa
681 2173 946 2224 praecipitavit.
1001 2175 1114 2221 Nam,
1143 2175 1205 2212 ubi
