1451 2719
292 318 606 358 SALLUSTII
638 316 1026 356 FRAGMENTA.
1124 319 1198 355 189

130 432 335 471 exercebat.
376 433 530 470 Servius.
564 432 710 468 Marius
730 431 925 468 Victorinus
941 432 974 467 in
993 430 1194 468 Ciceronem.

185 496 343 535 Obviam
376 496 438 540 ire,
472 506 508 533 ct
543 496 715 533 commori
748 496 926 533 hostibus.
1000 496 1198 533 Arusianus

133 562 289 600 Messus.

185 625 352 675 Lepidus
372 625 559 676 poenitens
579 625 730 662 consilii.
790 625 962 668 Carisius,
982 624 1038 661 lib.
1060 625 1110 661 iii.

187 689 248 727 Sic
269 703 365 733 vero,
386 690 485 739 quasi
506 689 696 726 formidine
714 688 904 732 attonitus,
934 701 1049 737 neque
1069 688 1201 732 animo,

136 767 251 803 neque
271 754 416 791 auribus
436 764 498 790 aut
514 753 636 804 lingua
651 762 870 803 competere.
928 753 1064 790 Nonius
1078 767 1092 790 :
1117 767 1205 790 com-

127 826 257 870 petere,
277 820 326 855 rei
344 819 502 870 cujusque
521 819 714 862 meminisse,
733 827 794 854 aut
811 826 1001 854 constanter
1019 816 1147 854 valere.

188 883 352 920 Prudens
371 883 545 927 omnium,
574 896 666 932 quae
685 891 828 919 senatus
848 891 1048 930 censuerat.
1104 882 1205 920 Aru·

133 948 263 985 cianus.

189 1010 338 1062 Magnis
363 1010 534 1061 operibus
551 1009 739 1061 profectus
758 1011 936 1060 oppidum
951 1010 1049 1061 cepit
1068 1025 1134 1061 per
1153 1010 1202 1048 L.

135 1074 328 1112 Catilinam
354 1074 530 1127 legatum.
590 1075 724 1113 Festus.

189 1139 399 1176 Domitium
418 1138 670 1188 proconsulem
685 1153 729 1176 ex
745 1139 901 1177 citeriori
924 1139 1104 1190 Hispania
1122 1153 1206 1177 cum

134 1202 303 1239 omnibus
331 1203 459 1252 copiis,
493 1217 582 1253 quas
601 1214 800 1253 paraverat,
829 1203 1022 1240 arcessivit.
1086 1205 1204 1242 Prisc.

137 1265 194 1306 lib.
215 1282 251 1303 x.
311 1267 517 1312 Arcessivit,
537 1269 658 1319 inquit,
677 1277 708 1305 et
725 1267 908 1305 lacessivit.

192 1331 349 1368 Sanctus
368 1330 482 1376 aliter,
502 1341 539 1369 et
558 1331 703 1384 ingenio
723 1331 872 1370 validus.
915 1333 1088 1378 Carisius,
1108 1332 1165 1370 lib.
1181 1334 1205 1371 i.

135 1395 237 1433 aliter
246 1404 320 1448 pro
338 1395 439 1434 alias.

193 1460 297 1498 Gens
324 1474 404 1498 raro
433 1474 576 1512 egressa
606 1461 686 1498 finis
715 1474 810 1498 suos,
869 1462 971 1500 Serv.
1001 1460 1053 1498 acl
1075 1461 1134 1499 lib.
1157 1463 1206 1498 xi.

140 1525 319 1563 Aeneidos.
376 1526 547 1563 Arusian.
580 1525 735 1563 Messus.

194 1589 274 1627 Nisi
294 1603 378 1626 cum
398 1589 447 1626 ira
466 1589 549 1626 belli
570 1590 801 1626 desenuissct.
861 1591 978 1628 Prisc.
1003 1590 1060 1628 lib.
1081 1606 1118 1628 x.

193 1652 471 1691 Maturaverunt
486 1654 685 1691 exercitum
706 1654 954 1704 Dyrrachium
969 1668 1113 1705 cogere.
1156 1654 1213 1692 A·

141 1719 301 1756 rusianus
323 1719 479 1756 Messus.

197 1781 268 1818 Illo
287 1781 490 1832 profectus,
506 1783 603 1820 vicos
618 1782 835 1834 castellaque
849 1782 1051 1827 incendere,
1070 1790 1108 1820 et
1123 1781 1213 1834 fuga

141 1845 325 1884 cultorum
353 1847 494 1884 deserta
522 1847 596 1899 igni
626 1856 789 1886 vastare:
819 1861 936 1897 neque
963 1846 1059 1884 elato
1079 1855 1141 1884 aut
1161 1861 1213 1883 se-

141 1925 232 1949 curo
251 1926 326 1949 esse
346 1913 479 1956 animo,
509 1921 608 1949 metu
637 1913 756 1964 gentis
776 1912 821 1949 ad
841 1911 937 1948 furta
956 1910 1040 1949 belli
1069 1911 1214 1962 perido-

142 1989 242 2013 neae.
299 1977 395 2014 Non.
453 1978 556 2015 Serv.
577 1977 629 2014 ad
643 1978 692 2014 xi.
714 1977 857 2015 Aem‘id.

197 2040 343 2078 Liberis
370 2043 445 2092 ejus
473 2040 669 2078 avunculus
696 2050 785 2079 erat.
841 2043 1003 2081 Donatus
1021 2041 1074 2080 ad
1096 2042 1215 2081 Phor-

150 2106 284 2142 mionem
308 2106 468 2143 Terentii.

201 2169 302 2206 Nihil
318 2170 368 2207 ob
383 2179 521 2207 tantam
540 2170 741 2209 mercedem
761 2171 826 2209 sibi
846 2171 1069 2211 abnuituros.
1118 2173 1217 2212 Aru-
