1451 2719
297 247 610 286 SALLUSTII
654 249 1040 289 FRAGMENTA.
1128 251 1202 288 231

137 357 314 402 adultum,
335 359 445 395 tertio
465 373 637 411 praeceps
655 376 664 399 ε
695 362 788 399 sicut
807 362 916 399 etiam
944 360 1134 398 Sallustius
1155 360 1210 397 di-

134 423 186 460 cit
206 422 354 473 ubique,
373 437 464 460 nova
483 434 610 470 aestas,
630 426 766 471 adulta,
800 440 982 476 praeceps.
1039 426 1142 462 Idem.

189 486 379 524 Sallustius
410 488 443 523 in
477 489 652 527 Historiis
681 491 804 535 tradit,
838 491 1038 528 Sertorium
1067 490 1205 527 victum

135 550 288 588 voluisse
310 550 435 602 fugere
454 553 499 589 ad
521 553 649 590 insulas
670 553 883 592 fortunatas.
940 556 1071 591 Acron.

191 616 329 652 Insulas
350 616 552 654 fortunatas
574 618 765 656 Sallustius
785 618 938 656 inclutas
957 632 1033 655 esse
1053 618 1101 655 ait
1123 617 1209 655 Ho-

138 680 225 716 meri
245 680 474 717 carminibus.
531 683 688 719 Servius.

187 745 411 781 Proxumum
427 745 596 783 dicebant
611 755 761 789 veteres,
788 760 858 783 non
875 745 991 783 solum
1012 745 1207 782 adhaerens

130 818 168 844 ct
189 809 414 859 adjunctum,
434 823 556 846 verum
575 809 682 846 etiam
702 809 811 861 longe
826 818 1021 854 remotum,
1042 809 1070 846 si
1085 818 1206 846 tamen

132 872 225 910 inter
243 873 316 910 duo
336 874 493 911 discreta
522 872 610 910 nihil
636 874 795 911 medium
822 873 1033 910 exstitisset.
1096 874 1136 911 V
1134 874 1202 923 irg.

134 937 224 974 Aen.
246 937 304 974 lib.
326 953 364 974 v.

181 1001 367 1038 Proximus
387 1002 477 1045 huic,
506 1001 601 1051 longo
620 1001 682 1039 sed
690 1003 872 1054 proximus
893 1000 1091 1045 intervallo,

182 1065 379 1115 Insequitur
399 1065 529 1103 Salius.

184 1128 245 1164 Ita
272 1138 309 1165 et
341 1127 531 1165 Sallustius
565 1129 599 1165 in
624 1129 695 1166 situ
722 1129 846 1173 Ponti,
876 1129 921 1165 de
945 1126 1204 1178 promontoriis

131 1192 423 1244 Paphlagonum,
451 1203 489 1230 et
518 1193 619 1245 quod
647 1202 730 1246 Kgca
747 1210 894 1242 μετωπον
912 1192 1119 1243 appellavit,
1138 1205 1204 1242 po-

130 1247 229 1294 suit(
273 1258 421 1294 Nonius.

178 1323 415 1371 Interrogasti,
442 1322 473 1359 si
486 1331 585 1366 tenes,
615 1323 783 1360 Maeotici

181 1388 274 1424 Situs
293 1387 368 1438 quis
386 1395 469 1424 esset
485 1388 654 1437 aequoris.
710 1385 910 1424 Sallustium

182 1451 319 1488 Noram
339 1450 379 1487 id
395 1450 539 1494 dedisse,
559 1450 650 1487 dicta
668 1459 699 1486 et
716 1450 785 1499 {jus
805 1450 952 1489 omnibus

180 1514 446 1564 Pracjudicatae
465 1515 678 1552 auctoritatis
698 1513 815 1550 ducier

182 1579 266 1616 Non
286 1578 481 1616 abnuebam.
644 1577 684 1615 F
680 1587 741 1615 est.
761 1578 893 1615 Avien.

180 1643 311 1679 Portus
332 1643 375 1680 ab
395 1643 471 1679 Eoo
477 1641 594 1693 fluctu
609 1650 773 1679 curvatus
793 1643 827 1678 in
846 1655 975 1678 arcum.
1035 1640 1080 1677 In
1095 1653 1199 1678 arcus

125 1705 406 1743 similitudinem.
466 1706 526 1743 Sic
557 1706 602 1742 de
635 1705 754 1742 Ponto
787 1705 990 1748 Sallustius,
1021 1705 1114 1742 unde
1138 1705 1198 1742 hie

124 1770 210 1808 tulit
231 1770 416 1808 colorem:
474 1771 571 1808 Nam
591 1770 748 1820 speciem
765 1769 877 1807 efficit
894 1768 1061 1820 Scythici
1080 1783 1197 1806 arcus.

126 1836 269 1873 Servius
289 1835 340 1872 ad
363 1836 413 1872 iii.
435 1835 616 1872 Aeneidos.

502 1899 540 1936 F
538 1909 611 1936 reta
629 1899 701 1936 lata
720 1899 875 1937 relucent.

177 1962 276 1999 Lata
304 1971 428 1999 autem
455 1962 551 2006 ideo,
581 1962 665 2012 quia
684 1976 720 2000 se
739 1963 925 2015 angustiae
954 1962 1099 2002 Pontici
1123 1963 1201 2010 oris,

124 2026 197 2064 illic
217 2026 385 2072 dilatant,
406 2027 460 2065 uti
480 2028 569 2065 dicit
591 2027 795 2065 Sallustius.
853 2030 1009 2067 Servius.

176 2091 271 2129 Te'1'a
289 2100 411 2138 autem
430 2092 528 2130 dicta
547 2101 602 2130 est
617 2106 638 2130 a
653 2092 763 2139 Te'i'o,
784 2093 1044 2139 Anacreontis,
1065 2101 1194 2144 poetae
