1497 2689
280 272 362 310 216
451 270 766 311 SALLUSTII
797 274 1186 316 FRAGMENTA.

331 382 456 420 Ceteri
475 383 622 434 negotia
641 386 884 435 sequebantur
910 387 1096 426 familiaria
1126 388 1346 440 legatorum,

276 454 339 483 aut
358 446 586 484 tribunorum
602 463 614 493 ;
641 457 679 485 et
698 463 780 499 pars
807 464 869 488 sua
888 453 1148 491 commeatibus
1166 454 1345 492 mercatis.

278 511 426 548 Nonius.

320 576 384 625 *Et
404 575 508 612 uxori
526 578 601 628 ejus
620 577 732 615 frater
749 588 839 616 erat.
895 580 1108 620 Arusianus.

330 640 446 690 Saepe
478 640 724 680 celebritatem
753 644 906 681 nominis
935 645 1108 697 intellego
1140 646 1341 685 timentem.

274 705 494 749 Priscianus,
522 706 579 743 lib.
601 709 704 745 xviii.

327 770 448 807 Video
468 771 628 822 ingentia
647 772 742 810 dona
761 773 964 823 quaesitum
994 774 1043 810 ire
1073 783 1340 824 properantem.

272 835 367 874 Idem
385 836 515 873 ibidem.

327 900 423 936 Nam
444 900 471 936 si
492 900 668 951 Pompeio
688 901 778 950 quid
803 901 949 938 humani
969 902 1156 940 evenisset.
1213 902 1345 941 Arusi-

271 978 368 1002 anus.

324 1029 470 1079 Quibus
490 1030 534 1067 de
554 1031 687 1067 caussis
709 1030 859 1074 Sullam,
891 1031 927 1066 in
947 1030 1099 1067 victoria
1112 1030 1342 1075 dictatorem,

269 1108 364 1144 equo
380 1095 609 1139 descendere,
638 1095 704 1132 sibi
736 1095 797 1131 uni
815 1096 1009 1145 adsurgere
1029 1095 1074 1131 de
1103 1094 1202 1140 sella,
1229 1103 1341 1145 caput

269 1159 419 1211 aperire,
448 1159 606 1196 solitum.
663 1160 758 1196 Non.
776 1160 974 1196 Arusianus
995 1161 1099 1196 Serv.

643 1273 765 1297 LIBER
790 1273 966 1298 SEXTUS·

321 1359 383 1396 NE
423 1359 634 1397 inrumiendi
672 1375 720 1410 po
865 1360 1062 1397 sublicibus
1108 1368 1340 1398 cavata-—

268 1432 359 1459 sent.
418 1423 552 1460 Festus.

320 1487 434 1538 Cujus
454 1488 541 1524 duas
560 1487 704 1531 insulas,
724 1487 946 1537 propinquas
965 1487 1060 1524 inter
1077 1500 1127 1530 se,
1154 1495 1193 1524 et
1211 1487 1337 1524 decem

265 1553 421 1589 stadium
452 1551 581 1602 procul
608 1566 628 1588 a
659 1551 827 1590 Gadibus
856 1553 954 1595 sitas,
987 1551 1178 1588 constabat
1205 1560 1337 1602 suopte

264 1615 411 1667 ingenio
431 1616 599 1653 alimenta
617 1615 829 1652 mortalibus
853 1616 1017 1667 gignere.
1075 1616 1171 1652 Non.

320 1680 447 1717 Serum
466 1679 601 1717 bellurn
620 1681 655 1716 in
675 1680 851 1731 angustiis
871 1679 1047 1716 futurum.
1096 1679 1223 1718 Junius
1245 1679 1336 1716 Phi-

263 1744 353 1794 larg.
376 1745 427 1781 ad
445 1746 572 1795 Georg.
599 1745 639 1782 V
637 1746 704 1794 irg.

319 1808 378 1845 llli
397 1809 506 1846 tertio
525 1823 645 1846 mense
675 1822 866 1859 pervenere
894 1808 929 1845 in
960 1809 1120 1846 Pontum
1139 1807 1256 1846 multo
1275 1822 1335 1845 ce-

262 1873 370 1910 lerius
390 1888 452 1923 spe
473 1873 714 1910 Mithridatis.
761 1860 942 1911 'At-usian.

317 1939 422 1988 Ergo
443 1938 556 1975 senati
575 1937 722 1974 decreto
743 1936 1015 1975 serviundumne
1038 1936 1097 1973 sit.
1154 1937 1332 1980 Donatus,

262 2012 330 2040 act.
350 2004 386 2039 ii.
408 2018 455 2039 sc.
478 2005 514 2039 2.

317 2066 511 2116 Pompeius
545 2066 616 2103 oris
648 2066 820 2116 improbi,
853 2066 1045 2120 animoque
1077 2064 1330 2105 inverecundo.

265 2132 356 2169 Suet.
377 2131 416 2168 de
435 2130 538 2168 claris
561 2132 686 2169 Gram.
708 2139 787 2184 cap.
815 2133 874 2169 14.
