1497 2689
241 300 317 339 178
400 296 716 336 SALLUSTII
747 296 1138 337 FRAGMENTA.

239 419 348 460 atque
368 409 462 447 inter
480 422 577 446 mare
596 417 761 446 nostrum
781 418 890 460 atque
912 410 1115 454 Oceanum,
1141 409 1207 447 nisi
1231 422 1324 459 quae

240 489 261 512 a
279 474 472 525 paludibus
491 473 585 510 invia
603 472 688 518 fuit,
717 473 933 523 perdomita.
993 474 1169 524 Optumis
1202 483 1325 511 autem

244 539 403 576 moribus
433 546 471 575 et
501 551 669 574 maxuma
698 538 894 577 concordia
912 539 989 592 egit
1019 539 1176 589 populus
1210 539 1323 576 Rom.

246 603 339 640 inter
358 603 555 640 secundum
575 612 686 652 atque
716 611 942 652 postremum
963 602 1099 640 bellum
1130 602 1328 654 Carthagi-

248 668 379 704 niense.
443 668 483 704 V
481 668 614 704 ictorin.
633 676 664 703 et
683 667 872 717 Augustin.

301 732 362 769 At
382 731 573 773 discordia,
594 740 630 768 et
651 731 812 775 avaritia,
836 739 946 782 atque
966 731 1131 776 ambitio,
1150 740 1188 768 et
1208 739 1330 768 cetera

248 797 413 834 secundis
433 796 548 853 rebus.
561 795 644 831 oriri
661 805 762 834 sueta
781 795 887 840 mala,
908 805 992 845 post
1012 796 1248 847 Carthaginis
1265 810 1331 833 ex-

249 861 401 899 scidium
421 873 589 897 maxume
617 870 725 897 aucta
745 870 840 897 sunt.
900 861 996 898 Nam
1012 861 1159 913 injuriae
1179 861 1329 898 validio-

250 939 343 968 rum,
374 934 412 961 et
431 924 479 960 ob
499 938 558 960 eas
578 924 748 961 discessio
781 925 897 974 plebis
918 939 937 961 a
959 925 1141 969 Patribus,
1171 924 1332 975 aliaeque

247 989 481 1026 dissensiones
502 988 599 1024 domi
619 987 718 1024 fuere
737 991 812 1040 jam
833 989 915 1026 inde
934 1003 954 1025 a
973 989 1152 1039 principio
1172 1004 1181 1026 :
1214 1002 1332 1038 neque

248 1054 417 1104 amplius,
437 1067 545 1104 quam
565 1053 713 1104 regibus
727 1053 878 1097 exactis,
899 1054 987 1090 dum
1007 1062 1126 1097 metus
1141 1052 1334 1102 aTarqui-

250 1119 323 1163 nio,
344 1128 381 1155 et
396 1117 534 1155 bellum
550 1131 658 1168 grave
674 1132 757 1154 cum
779 1118 931 1162 Etruria
949 1118 1111 1168 positum
1127 1126 1196 1161 est,
1216 1130 1334 1167 aequo

252 1193 288 1220 et
304 1183 471 1220 modesto
486 1185 566 1234 jure
582 1182 763 1232 agitatum
779 1198 788 1220 ε
811 1183 890 1218 dein
909 1183 1022 1219 servili
1039 1183 1189 1233 imperio
1207 1183 1336 1220 Patres

251 1247 394 1298 plebem
413 1261 594 1290 exercere,
615 1246 659 1283 de
675 1246 747 1283 vita
767 1256 878 1297 atque
894 1255 1001 1298 tergo
1018 1248 1120 1298 regio
1136 1261 1234 1285 more
1249 1261 1336 1284 con-

250 1312 393 1357 sulere3
423 1326 512 1364 agro
544 1311 689 1361 pellere,
720 1320 770 1354 et,
802 1312 930 1348 ceteris
957 1312 1182 1362 expertibus,
1214 1311 1279 1348 soli
1299 1312 1334 1347 in

249 1378 400 1428 imperio
421 1391 541 1429 agere.
601 1377 747 1426 Quibus
763 1376 916 1413 saevitiis
935 1386 971 1413 et
992 1390 1159 1412 maxume
1179 1375 1336 1412 foenoris

250 1457 357 1479 onere
377 1455 563 1491 oppressa,
589 1440 726 1490 plebes,
747 1454 830 1477 cum
851 1441 1000 1477 assiduis
1033 1439 1134 1477 bellis
1154 1439 1335 1477 tributum

251 1507 356 1544 simul
386 1515 423 1544 et
455 1505 617 1542 militiam
644 1504 829 1549 toleraret,
857 1514 995 1542 armata
1014 1513 1176 1541 montem
1197 1518 1338 1542 sacrum

249 1581 358 1621 atque
379 1570 610 1608 Aventinum
630 1569 762 1606 insedit
778 1585 787 1607 :
809 1578 963 1620 tumque
981 1569 1147 1606 tribunos
1167 1569 1283 1619 plebis
1297 1577 1335 1605 et

249 1636 316 1674 alia
347 1636 412 1673 sibi
438 1638 520 1688 jura
549 1635 702 1685 paravit.
760 1635 1040 1672 Discordiamm
1067 1644 1105 1672 et
1133 1634 1338 1672 certaminis

251 1703 432 1753 utrimque
453 1701 532 1739 finis
552 1700 624 1737 fuit
644 1700 846 1737 secuudum
863 1699 999 1738 bellum
1021 1699 1215 1737 Punicum.
1258 1700 1339 1737 Au-

244 1769 415 1818 gustinus.

305 1833 522 1881 Postquam,
546 1838 689 1867 remoto
708 1838 809 1870 metu
830 1829 985 1873 Punico,
1015 1828 1218 1865 simultates
1236 1841 1339 1864 exer-

251 1911 331 1934 cere
351 1909 506 1932 vacuum
526 1894 611 1938 fuit,
634 1893 808 1944 plurimae
829 1895 970 1937 turbae,
1001 1893 1208 1937 seditiones,
1235 1902 1272 1929 et
1293 1892 1340 1933 ad

251 1971 477 2012 postremum
505 1959 601 1997 bella
631 1958 748 1996 civilia
778 1968 859 1995 orta
889 1969 1001 2004 sunt3
1031 1959 1117 1996 dum
1145 1958 1255 2008 pauci
1272 1972 1342 2007 po-

255 2036 387 2069 tentes,
419 2039 575 2075 quorum
595 2025 629 2060 in
651 2024 769 2074 gratia
792 2023 955 2074 plerique
976 2032 1242 2066 concesserant,
1273 2024 1340 2059 sub

253 2091 409 2128 honesto
427 2091 578 2129 Patrum
597 2097 662 2125 aut
681 2087 798 2138 plebis
817 2088 974 2132 nomine,
995 2087 1258 2124 dominationes
1279 2087 1343 2123 ad-

256 2155 458 2199 fectahant‚
488 2154 647 2205 bonique
667 2163 704 2190 et
734 2152 815 2190 mali
848 2153 943 2191 cives
975 2152 1161 2204 adpellati,
1189 2167 1261 2190 non
1292 2153 1342 2193 ob
