1497 2689
210 297 296 341 246
594 296 901 336 INDEX.

266 419 323 443 sos
351 406 533 455 promissis
562 409 607 445 ad
635 410 857 460 Jugurtham
878 409 942 447 sibi
963 409 1179 446 tradendum
1199 409 1285 447 hor-

265 481 364 508 tatur
390 474 473 512 107.
504 473 631 524 Vagae
659 474 875 523 praesidium
904 473 1058 522 imponit
1085 476 1170 511 101.
1201 488 1284 511 cum

264 536 449 586 ,Iugurtha
478 547 620 588 pugnat
645 541 731 582 108,
755 543 824 576 ἃς.
855 538 1060 588 Jugurthae
1089 538 1180 575 dolis
1200 538 1284 575 fati-

263 609 384 650 gatus,
408 601 558 637 Zamam
579 616 792 653 oppugnare
813 602 940 639 statuit
967 605 1051 638 118.
1084 603 1184 650 quod
1200 616 1283 639 cum

264 663 398 700 frustra
417 674 524 708 esset,
546 665 698 702 discedit
724 667 809 702 122.
842 664 1081 702 Bomilcarem
1098 664 1283 714 pollicita-

261 727 422 764 tionibus
442 730 672 779 aggreditur,
693 738 734 765 ut
755 729 977 780 Jugurtham
997 729 1115 765 vivum
1134 737 1196 765 aut
1216 743 1281 766 ne-

260 800 382 827 catum
404 792 470 828 sibi
491 793 611 829 tradat
632 795 717 836 122,
739 795 824 830 123.
841 793 1009 842 superbia
1030 793 1175 829 inflatus
1195 794 1282 830 125.

260 854 422 893 Marium
456 869 475 891 a
508 855 701 892 consulatu
732 857 891 906 petendo
919 857 1136 893 dehortatur
1165 857 1209 894 ib.
1240 870 1281 893 ac

259 919 406 955 tandem
427 919 580 956 dimittit
609 922 695 958 132.
726 921 914 972 Vagenses
943 920 1155 957 rebellantes
1176 919 1286 957 ulcis-

258 982 355 1019 citur
378 984 463 1026 129,
489 986 579 1021 130.
613 984 754 1021 Romae
774 985 904 1034 capitis
924 985 1116 1022 arcessitur
1135 999 1155 1021 a
1178 984 1284 1034 plebe

264 1048 350 1084 133.
383 1047 562 1084 Numidas
582 1047 703 1099 fugat,
732 1048 979 1098 Thalamque,
1001 1063 1074 1098 quo
1100 1049 1286 1100 Jugurtha

258 1109 491 1161 confugerat,
519 1111 675 1148 maximo
695 1126 778 1149 cum
797 1111 919 1149 labore
940 1112 1037 1162 capit
1062 1115 1148 1150 136.
1181 1112 1286 1162 Lep-

259 1173 382 1210 titanis
415 1175 636 1224 praesidium
668 1176 855 1213 orantibus
888 1177 1060 1213 cohortes
1099 1176 1283 1227 Ligurum

257 1247 417 1287 quatuor
431 1247 467 1275 et
487 1238 656 1276 Annium
676 1239 902 1289 praefectum
918 1240 1030 1276 mittit
1051 1243 1136 1278 136.
1159 1239 1283 1277 Mario

258 1302 488 1339 consulatum
512 1313 549 1339 et
580 1303 790 1340 Numidiam
809 1304 931 1340 datam
951 1303 1021 1340 fert
1042 1304 1283 1353 impotentius

261 1369 348 1404 140.
365 1367 517 1404 Boccho
533 1382 598 1417 per
612 1367 753 1418 legatos
766 1381 893 1417 pacem
909 1367 1034 1404 suadet
1048 1381 1131 1404 cum
1148 1367 1286 1404 Roma.

257 1431 310 1467 nis
328 1435 412 1468 141.
437 1432 545 1468 Marii
561 1441 798 1480 conspectum
813 1430 910 1481 fugit
928 1434 1016 1469 149.
1041 1431 1180 1468 Romae
1196 1445 1286 1470 con-

256 1506 312 1533 tra
328 1511 427 1546 spem
446 1495 645 1533 laetissimis
665 1495 788 1532 animis
808 1495 988 1544 accipitur
1007 1496 1052 1532 ib.

205 1559 377 1610 Micipsa,
408 1560 619 1597 Masinissae
653 1558 760 1603 filius,
792 1568 829 1595 et
862 1559 965 1609 regni
996 1559 1111 1602 heres,
1145 1559 1284 1611 Jugur-

257 1624 372 1668 tham‚
393 1626 494 1675 cujus
514 1632 735 1673 potestatem
753 1631 790 1660 et
810 1632 1030 1659 crescentem
1050 1623 1084 1659 in
1106 1622 1181 1659 dies
1200 1623 1284 1674 glo-

257 1687 346 1723 riam
364 1687 598 1730 formidabat,
627 1688 673 1724 ad
692 1687 827 1724 bellum
850 1687 1115 1724 Numantinum
1149 1688 1281 1732 mittit,

255 1765 338 1788 eum
357 1751 524 1800 periculis
543 1750 750 1802 objectandi
769 1759 806 1788 et
825 1750 1053 1800 opprimendi
1073 1750 1191 1801 gratia
1212 1754 1278 1791 66.

256 1830 339 1852 eum
359 1824 494 1859 tamen,
523 1815 655 1852 virtute
686 1815 796 1864 ipsius
815 1824 1015 1864 permotus,
1045 1815 1213 1865 adoptat,
1242 1824 1281 1852 et

257 1880 425 1916 heredem
445 1894 529 1916 cum
549 1879 620 1916 suis
640 1879 720 1916 filiis
735 1879 917 1923 instituit3
947 1879 1066 1929 eique,
1097 1878 1207 1928 paulo
1222 1893 1284 1915 an-

257 1955 294 1981 te
314 1954 481 1989 mortem,
511 1944 665 1994 filiisque
681 1943 849 1980 mandata
868 1943 930 1979 dat
952 1956 1117 1992 suprema
1138 1946 1202 1988 68,
1215 1946 1282 1983 69.

206 2009 435 2047 Mithridatis
454 2009 609 2059 epistola
629 2009 675 2045 ad
694 2007 875 2045 Arsacem
895 2009 984 2044 209.

206 2072 384 2110 Mulucha
405 2073 536 2110 flumen
557 2072 763 2124 Jugurthae
785 2070 999 2120 Bocchique
1028 2085 1179 2123 regnum
1210 2072 1283 2120 dis,-

252 2137 376 2190 jungit
401 2139 488 2175 153.
518 2138 563 2175 ad
584 2136 801 2176 Mulucham
817 2135 1004 2173 castellum
1024 2136 1164 2174 Marius
1183 2137 1283 2187 capit

260 2203 478 2244 154-157,
