1497 2689
259 287 339 323 212
433 283 749 324 SALLUSTII
779 283 1169 324 FRAGMENTA.

262 396 440 440 barzanis,
470 396 567 433 bello
586 396 764 433 intactum
781 411 791 433 ε
821 410 906 447 ego,
937 397 1044 433 vastis
1064 396 1202 433 circum
1221 394 1335 432 omni-

263 460 333 498 bus
353 459 455 504 locis,
476 460 511 496 in
532 461 747 497 Armeniam
767 461 947 498 concessi:
970 460 1157 510 secutique
1180 459 1338 497 Romani

263 538 334 561 non
356 539 424 568 me,
456 525 518 561 sed
538 538 673 562 morem
694 538 798 561 suum
817 525 936 560 omnia
954 538 1066 575 regna
1085 525 1336 569 subvertundi,

263 588 349 638 quia
364 588 633 626 multitudinem
649 588 755 625 arctis
770 587 859 625 locis
878 601 1002 638 pugna
1021 588 1251 637 prohibuere,
1271 589 1337 625 im-

264 652 493 702 prudentiam
514 653 685 704 Tigranis
705 667 772 702 pro
792 652 942 689 victoria
960 660 1159 689 ostentant.
1225 653 1336 690 Nunc

262 730 396 767 quaeso
416 718 614 761 considera,
643 717 746 753 nobis
773 715 966 766 oppressis,
998 724 1119 752 utrum
1139 716 1334 755 firmiorem

262 790 301 819 te
321 783 365 818 ad
387 782 637 825 resistendum,
668 795 712 817 an
741 781 848 817 finem
875 780 960 818 belli
988 779 1167 825 futurum,
1195 783 1339 831 putes?

266 846 352 883 Scio
379 846 547 895 equidem
572 845 640 882 tibi
660 858 808 895 magnas
837 858 925 894 opes
945 845 1116 889 virorum,
1143 858 1338 890 armorum,

263 919 302 947 et
322 910 411 953 auri,
439 924 515 947 esse
533 925 542 947 ε
571 918 609 946 et
628 922 671 945 ea
688 922 725 945 re
746 909 851 945 nobis
878 908 924 945 ad
952 908 1177 953 societatem,
1204 910 1250 946 ab
1270 909 1339 948 illis

265 975 312 1011 ad
331 974 512 1024 praedam,
533 973 678 1023 peteris.
736 973 909 1010 Ceterum
929 971 1117 1008 consilium
1131 981 1186 1010 est
1206 972 1341 1024 Tigra.

265 1037 333 1082 nis,
361 1052 475 1088 regno
503 1037 661 1087 integro,
690 1037 777 1073 meis
805 1035 980 1073 militibus
1014 1035 1121 1085 [belli
1154 1037 1341 1086 prudenti-

266 1102 373 1150 bus‚]
399 1101 528 1150 procul
547 1101 592 1138 ab
613 1100 737 1144 domo,
757 1113 867 1149 parvo
886 1099 1024 1143 labore,
1043 1113 1110 1149 per
1124 1109 1245 1137 nostra
1259 1114 1341 1138 cor-

265 1179 355 1216 pora
373 1164 511 1202 bellum
530 1163 707 1202 conficere
726 1179 735 1201 :
765 1163 952 1213 quomodo
981 1176 1097 1212 neque
1116 1164 1257 1201 vincere
1279 1177 1340 1202 ne-

265 1244 338 1280 que
357 1229 451 1266 vinci
472 1229 545 1265 sine
564 1238 631 1265 tuo
650 1227 812 1277 periculo
833 1241 1036 1277 possumus.
1093 1227 1159 1264 An
1179 1227 1338 1278 ignoras,

267 1294 470 1336 Romanos,
500 1300 697 1341 postquam
717 1291 763 1328 ad
782 1291 1009 1328 occidentem
1037 1291 1274 1341 pergentibus
1294 1291 1338 1328 fi-

265 1371 346 1394 nem
376 1356 546 1394 Oceanus
580 1355 682 1398 fecit‚
716 1368 812 1391 arma
844 1355 916 1391 huc
949 1355 1181 1399 convertisse,
1220 1369 1338 1405 neque

261 1422 455 1472 quicquam
475 1434 495 1456 a
522 1419 701 1469 principio
730 1418 795 1455 nisi
823 1427 967 1468 raptum
995 1418 1140 1463 habere,
1169 1419 1333 1464 domurn,

264 1488 453 1537 conjuges,
473 1498 594 1535 agros,
622 1483 812 1532 imperium
830 1483 842 1519 ἓ
869 1495 1045 1519 convenas
1063 1482 1163 1527 olim,
1184 1483 1257 1520 sine
1275 1497 1341 1534 pa·

266 1549 349 1592 tria,
371 1547 444 1585 sine
465 1547 687 1597 parentibus,
708 1555 810 1596 peste
830 1546 998 1583 conditos
1017 1546 1114 1583 orbis
1133 1555 1310 1584 terrarum
1327 1562 1337 1586 ε

265 1613 402 1664 quibus
421 1626 492 1648 non
512 1612 668 1648 humana
688 1610 774 1654 ulla,
794 1624 909 1659 neque
929 1610 1047 1646 divina
1065 1611 1227 1655 obstant,
1247 1611 1336 1661 quin

268 1677 400 1721 socios,
415 1676 562 1719 amicos,
575 1674 718 1725 procul,
729 1676 836 1726 juxta
850 1673 1081 1724 sitos,inopes
1094 1674 1342 1725 potentisque,

267 1741 427 1784 trahant,
453 1739 622 1777 excidant
639 1754 650 1784 ;
678 1737 868 1787 omniaque
888 1752 959 1774 non
980 1752 1091 1782 serva,
1118 1748 1156 1775 et
1175 1752 1340 1777 maxume

267 1819 393 1857 regna,
420 1803 566 1840 hostilia
586 1803 734 1840 ducant.
793 1802 961 1852 Namque
990 1803 1097 1853 pauci
1121 1803 1340 1848 libertatem,

266 1883 351 1920 pars
370 1881 502 1919 magna
517 1870 635 1919 justos
655 1866 819 1903 dominos
835 1866 983 1905 volunt:
1014 1882 1079 1905 nos
1099 1868 1258 1918 suspecti
1279 1882 1340 1905 su-

268 1947 349 1970 mus
381 1931 524 1975 aemuli,
551 1940 589 1968 et
617 1931 652 1967 in
677 1940 841 1981 tempore
860 1930 1016 1969 vindices
1045 1932 1219 1970 adfuturi.
1275 1932 1341 1970 Tu

267 2013 365 2041 vero,
403 1998 462 2034 cui
502 1995 680 2040 Seleucia,
718 2008 887 2032 maxuma
925 1996 1080 2040 urbium,
1116 2010 1340 2048 regnumque

276 2061 434 2100 Persidis
453 2060 599 2097 inclutis
615 2059 752 2097 divitiis
771 2069 840 2103 est,
861 2060 949 2109 quid
968 2061 1014 2097 ab
1034 2059 1114 2104 illis,
1133 2059 1198 2097 nisi
1217 2058 1341 2096 dolum

273 2128 308 2166 in
328 2139 508 2178 praesens,
537 2135 574 2164 et
593 2133 722 2176 postea
740 2123 889 2170 bellum,
909 2134 1097 2175 exspectas
1114 2125 1127 2163 ἓ
1184 2123 1341 2162 Romani
