1497 2689
182 293 236 329 40
387 292 701 331 SALLUSTII
731 293 1037 334 CATILINA.

181 403 354 448 dicerent,
383 419 550 456 magnam
572 405 620 442 illi
649 405 814 444 invidiam
841 408 1110 454 conflaverant;
1139 403 1262 460 usque*

180 482 238 511 eo,
258 478 300 505 ut
320 470 478 506 nonnulli
498 471 637 522 equites
661 472 829 516 Romani,
850 472 910 523 qui
929 472 1095 522 praesidii
1126 486 1254 510 caussa

180 546 264 569 cum
296 533 376 569 telis
413 543 514 571 crant
551 535 686 572 circum
725 536 964 581 Concordiae,
1009 551 1071 574 seu
1102 536 1254 586 periculi

177 598 439 649 magnitudine,
468 613 529 636 seu
557 599 663 636 animi
688 600 876 638 nobilitate
895 600 1059 650 impulsi,
1083 615 1155 652 quo
1176 609 1254 639 stu-

180 662 277 699 dium
298 665 455 700 suumin
475 665 733 714 rempublicam
761 665 889 702 clarius
917 675 1025 710 esset,
1051 665 1253 717 egredienti

178 743 223 765 ex
245 738 370 766 senatu
391 729 535 767 Caesari
554 730 676 781 gladio
696 730 958 767 minitarentur.

231 860 282 897 L.
313 861 422 898 DUM
449 860 537 897 haec
560 861 594 897 in
616 871 741 898 senatu
759 869 931 911 aguntur,
959 867 996 895 et
1015 859 1103 896 dum
1121 858 1260 911 legatis·

176 924 430 976 Allobrogum
454 934 491 962 et
511 925 604 963 Tito
625 924 834 968 Volturcio,
865 923 1107 974 comprobato
1125 931 1257 964 eorum'

176 989 322 1034 indicio,
354 989 512 1039 praemia
542 990 797 1032 decernuntur,
834 987 956 1026 liberti
986 997 1023 1025 et
1056 989 1163 1038 pauci
1200 1002 1248 1026 ex

175 1053 366 1090 clientibus
388 1053 554 1098 Lentuli,
574 1054 720 1091 diversis
739 1053 941 1096 itineribus,
970 1052 1120 1102 opifices
1139 1060 1252 1103 atque

175 1119 316 1154 ser-:itia
336 1118 370 1154 in
391 1118 478 1154 vicis
493 1118 538 1154 ad
552 1132 635 1157 eum
649 1117 873 1167 eripiendum
893 1116 1149 1160 sollicitabant,
1168 1130 1252 1167 par-

174 1183 241 1220 tim
260 1182 497 1233 exquirebant
513 1183 623 1219 duces
638 1181 926 1225 multitudinum,
947 1181 1008 1232 qui
1023 1182 1142 1231 pretio
1157 1195 1250 1219 rem-

174 1247 358 1297 publicam
376 1260 501 1283 vexare
517 1247 612 1283 soliti
628 1262 638 1292 3
673 1246 862 1297 Cethegus
877 1255 999 1283 autem
1017 1260 1084 1295 per
1098 1246 1248 1284 nuncios

173 1308 344 1348 familiam
359 1321 468 1362 atque
483 1311 633 1348 libertos
649 1325 746 1356 suos,
761 1311 980 1348 exercitatos
994 1311 1030 1347 in
1044 1311 1248 1357 audaciam,

172 1376 313 1419 orabat,
345 1390 457 1426 grege
477 1375 590 1420 facto,
621 1390 705 1412 cum
724 1376 805 1412 telis
824 1377 869 1412 ad
889 1389 964 1413 sese
990 1375 1246 1425 irrumperent.

174 1439 327 1482 Consul,
346 1439 409 1477 ubi
429 1454 469 1476 ea
490 1440 606 1489 parari
626 1440 814 1490 cognovit,
843 1438 1028 1489 dispositis
1048 1439 1248 1489 praesidiis,

172 1513 214 1541 ut
233 1518 287 1540 res
307 1513 418 1554 atque
437 1513 585 1553 tempus
602 1505 786 1547 monebat,
807 1512 1010 1540 convocato
1031 1512 1170 1548 senatu,
1193 1517 1250 1541 re-

172 1567 258 1612 fert,
300 1568 402 1618 Quid
430 1568 474 1605 de
502 1568 558 1604 his
587 1568 661 1605 fieri
689 1568 844 1618 placeat,
887 1568 948 1619 qui
979 1567 1014 1604 in
1042 1567 1248 1606 custodiam

170 1632 293 1669 traditi
339 1641 453 1668 erant.
542 1633 615 1670 Sed
657 1646 732 1676 eos,
774 1632 897 1682 paullo
935 1641 1033 1676 ante,
1078 1631 1247 1683 frequens

171 1706 314 1734 senatus
362 1697 600 1748 judicaverat,
639 1706 765 1734 contra
806 1696 1065 1746 rempublicam
1103 1695 1245 1734 fecisse.

170 1761 281 1798 Tunc
302 1762 356 1798 D.
374 1762 396 1798 J
400 1761 502 1797 unius
525 1761 679 1805 Silanus,
699 1761 836 1811 primus
851 1761 1065 1798 sententiam
1080 1769 1246 1811 rogatus,

172 1826 271 1876 quod
290 1817 518 1874 ἔοῗῖξιῃροτε
534 1822 664 1862 *consul
692 1814 902 1877 designatus
921 1833 1013 1869 erat,
1041 1825 1087 1862 de
1105 1825 1161 1862 his
1182 1824 1245 1876 qui

168 1890 204 1926 in
225 1890 399 1926 custodiis
418 1890 650 1933 tenebantur,
678 1880 863 1939 praeterea
881 1890 926 1927 de
952 1889 1004 1926 L.
1026 1889 1169 1934 Cassio,
1198 1889 1245 1926 P.

150 1991 152 1994 ,
172 1954 297 1997 Furio,
319 1955 362 1991 P.
385 1955 590 1998 Umbreno,
607 1956 657 2004 Q.
674 1954 818 1999 Annio,
839 1955 866 1992 si
882 1955 1096 2005 deprehensi
1110 1954 1256 2000 forent,'

171 2018 389 2068 supplicium
427 2012 659 2056 sumenduns'
677 2014 915 2058 decreverat:
962 2020 1065 2072 isque
1101 2028 1245 2070 postea,

170 2093 356 2134 permotus
386 2084 550 2120 oratione
580 2084 625 2122 C.
659 2084 836 2129 Caesaris,
858 2079 1021 2134 'pedibus
1042 2084 1078 2120 in
1102 2088 1256 2122 senten-⁷

870 2133 959 2143 ,ae-N‘
969 2134 981 2137 --

168 2150 256 2186 tiam
285 2149 375 2186 Tib.
411 2148 566 2186 Neronis
596 2149 731 2186 iturum
758 2163 794 2186 se
819 2146 993 2195 dixeram
1022 2149 1122 2201 quod
1141 2149 1187 2187 de
1203 2144 1256 2186 ea‘*

354 2195 531 2211 W
