1497 2689
191 289 241 325 56
396 283 710 322 SALLUSTII
740 285 1045 323 CATILINA.

190 398 263 435 nire
294 407 416 449 queat,
447 397 640 447 prohibent
672 398 871 449 angustiae.
932 399 1046 448 Quod
1076 397 1104 434 si
1132 397 1258 434 virtuti

190 471 328 500 vestrae
358 462 503 498 fortuna
533 462 710 505 inviderit,
739 473 876 506 cavete,
903 462 1007 499 inulti
1037 462 1189 499 animam
1223 475 1260 498 a-

189 526 341 563 mittatis
357 542 366 571 ;
389 541 470 570 neu,
487 526 598 576 capti,
618 526 755 576 potius»,
771 526 875 563 sicuti
890 540 1035 576 pecora,
1050 526 1260 564 trucidemi-

188 591 236 634 ni,
258 605 379 640 quam,
403 590 558 627 virorum
579 605 677 628 more
698 599 914 642 pugnantes,
943 600 1128 628 cruentam
1147 600 1258 641 atque

187 653 390 691 luctuosam
410 654 596 691 victoriam
615 654 781 692 hostibus
801 653 1051 704 relinquatis.''

242 784 357 820 LIX.
390 783 515 821 HAEC
545 784 608 820 ubi
636 784 740 827 dixit,
769 783 969 833 paullulum
997 792 1263 828 commoratusf·

186 849 287 899 signa
302 863 428 886 canere
441 849 562 899 jubet,
581 857 690 897 atque
705 848 901 884 instructos
919 847 1061 884 ordines
1080 848 1114 883 in
1133 847 1257 885 locum

185 925 338 963 aequum
360 912 506 949 deducit
529 927 538 948 :
569 912 664 955 dein,
693 912 839 948 remotis
859 911 1019 948 omnium
1038 912 1153 961 equis,
1181 927 1256 962 quo

185 976 370 1020 militibus,
394 986 596 1025 exaequato
615 975 790 1025 periculo,
819 976 955 1012 animus
975 972 1128 1025 amplior
1149 985 1256 1020 esset,

184 1041 260 1090 ipse
280 1041 390 1089 pedes
415 1040 614 1077 exercitum
633 1054 700 1089 pro
725 1040 807 1077 loco
833 1049 943 1090 atque
963 1040 1076 1090 copiis
1095 1041 1253 1078 instruit.

185 1105 294 1149 Num,
324 1099 389 1141 uti*
408 1099 574 1154 planities
593 1114 669 1141 erat
688 1104 782 1141 inter
801 1105 960 1142 sinistros
979 1105 1124 1149 montis,
1152 1115 1189 1142 et
1209 1106 1254 1143 ab

183 1170 310 1206 dextra
326 1184 414 1219 rupe
429 1183 566 1219 aspera,
583 1178 669 1205 octo
685 1169 845 1206 cohortis
861 1169 896 1205 in
912 1169 1031 1206 fronte
1046 1170 1251 1208 constituit:

182 1233 319 1283 reliqua
349 1233 449 1284 signa
479 1233 513 1269 in
545 1232 703 1269 subsidio
734 1233 844 1270 artius
873 1233 1043 1271 collocat.
1101 1234 1170 1272 Ab
1199 1235 1254 1272 his

182 1298 407 1335 centuriones
436 1297 549 1333 omnis
576 1297 704 1341 lectos,
732 1306 768 1334 et
794 1307 978 1342 evocatos,
1006 1308 1189 1348 praeterea
1207 1313 1252 1336 ex

181 1362 354 1413 gregariis
383 1361 556 1398 militibus
585 1370 778 1410 optumum
799 1376 978 1413 quemque
997 1373 1189 1408 armatum,
1217 1365 1253 1401 in

179 1427 331 1476 primam
360 1427 471 1463 aciem
501 1425 684 1462 subducit.
742 1427 787 1464 C.
819 1426 999 1464 Manlium
1027 1428 1061 1464 in
1090 1428 1252 1473 dextera,

181 1490 420 1527 Faesulanum
435 1489 627 1539 quemdam
641 1489 675 1525 in
696 1490 835 1527 sinistra
854 1500 971 1541 parte,
987 1506 1111 1530 curare
1125 1492 1250 1544 jubet:

178 1555 253 1604 ipse
274 1569 357 1591 cum
385 1553 521 1591 libertis
540 1562 577 1590 et
597 1554 734 1591 colonis
753 1565 905 1605 propter
923 1555 1078 1606 aquilam
1097 1557 1252 1602 adsistit,

179 1634 287 1670 quam
305 1619 402 1656 bello
432 1620 617 1658 Cimbrico
648 1621 693 1658 C.
725 1620 864 1657 Marius
892 1620 926 1656 in
955 1621 1116 1658 exercitu
1135 1621 1253 1659 habu-

175 1685 244 1721 isse
273 1684 474 1721 dicebatur.
531 1685 591 1722 At
619 1699 663 1722 ex
692 1684 803 1721 altera
831 1693 933 1734 parte
966 1686 1014 1723 C.
1044 1685 1250 1730 Antonius,

177 1749 330 1797 pedibus
358 1762 477 1799 aeger,
512 1750 611 1798 quod
644 1748 781 1798 proelio
814 1748 937 1786 adesse
965 1749 1150 1799 nequibat,
1189 1749 1247 1788 M.

178 1813 322 1849 Petreio
352 1812 476 1863 legato
507 1813 707 1850 exercitum
740 1813 931 1862 permittit.
991 1814 1059 1852 Ille
1086 1815 1259 1853 cohortis

176 1886 371 1921 veteranas,
392 1892 480 1927 quas
500 1878 647 1915 tumulti
663 1891 786 1915 caussa
800 1878 1076 1929 conscripserat,
1095 1879 1130 1916 in
1150 1879 1250 1917 fron-

175 1950 241 1987 te3
272 1951 355 1992 post
384 1956 443 1979 eas
473 1953 633 1980 ceterum
662 1942 861 1979 exercitum
888 1942 923 1979 in
948 1943 1113 1982 subsidiis
1134 1943 1255 1982 locat.·

178 2008 276 2057 Ipse,
295 2022 390 2057 equo
415 2008 640 2051 circumiens,
664 2020 958 2057 unumquemque
978 2007 1163 2046 nominans
1185 2010 1248 2046 ad-

175 2072 302 2123 Pellat,
323 2073 504 2116 hortatur,
524 2081 646 2123 rogat,
666 2071 720 2108 uti
735 2071 974 2117 meminerint,
994 2087 1030 2110 se
1050 2081 1178 2110 contra
1195 2073 1248 2110 la-

173 2148 294 2176 trones
313 2139 479 2184 inermoe,
499 2152 565 2188 pro
586 2137 714 2188 patria,
732 2151 799 2187 pro
813 2136 946 2183 liberis,
965 2151 1033 2188 pro
1048 2137 1115 2176 aris
1135 2146 1255 2189 atque
