1497 2689
257 304 337 340 154
455 301 768 342 SALLUSTII
797 307 1137 349 JUGURTHA.

256 414 344 451 licto
363 430 371 452 :
403 427 483 450 nam
502 415 618 452 omnis
638 426 777 462 natura,
805 420 903 458 velut
922 437 1030 473 opere
1050 433 1161 474 atque
1182 423 1333 462 consulu

256 490 310 524 t0‚
330 494 513 530 praeceps.
572 482 692 531 Quem
711 482 831 520 locum
856 486 1008 532 Marius,
1037 489 1205 538 quodibi
1230 489 1327 540 regis

253 547 411 584 thesauri
431 555 545 590 erant,
575 562 711 584 summa
729 549 762 585 vi
791 563 918 600 capere
937 551 1104 589 intendit.
1177 553 1250 590 Sed
1284 566 1328 590 ea>

252 627 306 650 res
327 612 435 656 forte,
464 626 572 662 quam
599 613 763 657 consilio,
791 613 916 651 melius
947 627 1063 666 gesta.
1121 617 1217 654 Nam
1246 630 1327 654 cas-

253 677 339 715 tello
360 678 516 714 virorum
535 686 645 727 atque
665 692 844 714 armorum
878 679 976 724 satis,
1005 693 1134 731 magna
1165 681 1217 717 vis
1248 680 1325 717 fru-

254 741 377 785 menti,
397 750 434 778 et
453 741 534 778 fons
554 755 692 791 aquae3
722 743 916 793 aggeribus
935 744 1167 795 turribusque
1187 754 1223 782 et
1248 745 1326 781 aliis

252 805 577 842 machinationibus
596 806 697 843 locus
716 806 944 856 importunus
962 823 973 853 ;
1011 808 1081 845 iter
1112 808 1324 846 castellano-

250 883 329 907 rum
349 881 543 922 angustum
563 871 772 915 admodum,
801 872 982 922 utrimque
1002 872 1214 922 praecisum.
1255 872 1326 909 Vi-

250 948 335 971 neae
354 948 437 971 curn
455 935 595 986 ingenti
628 934 788 984 periculo
808 934 942 973 frustra
964 937 1166 987 agebantur
1183 951 1192 973 :
1227 949 1322 981 nam,

249 1013 331 1035 cum
363 1012 424 1035 eae
456 998 618 1048 paullum
650 1009 910 1048 processerant,
940 1001 1016 1051 igni
1047 1009 1110 1037 aut
1139 1000 1320 1050 lapidibus

247 1064 596 1112 corrumpebantur3
626 1063 755 1100 milites
776 1078 891 1113 neque
909 1079 976 1114 pro
1005 1079 1113 1115 opere
1146 1065 1322 1102 consiste-

244 1143 281 1165 re
309 1137 461 1178 propter
485 1128 713 1177 iniquitatem
739 1127 824 1173 loci,
854 1144 970 1180 neque
990 1131 1084 1168 inter
1102 1131 1219 1168 vineas
1246 1130 1320 1168 sine

242 1192 403 1242 periculo
424 1192 670 1229 administrare
687 1207 696 1230 ε
727 1202 900 1242 optumus
913 1195 1065 1245 quisque
1084 1195 1224 1241 cadere,
1252 1205 1317 1233 aut

244 1256 419 1302 sauciari3
448 1256 578 1294 ceteris
598 1265 715 1293 metus
735 1258 871 1308 augeri.

295 1388 455 1425 XCIII.
513 1387 585 1424 A‘r
607 1386 761 1431 Marius,
790 1387 911 1425 multis
935 1388 1062 1426 diebus
1077 1397 1114 1426 et
1134 1388 1317 1426 laboribus

239 1452 449 1495 consumtis,
479 1451 604 1488 anxius
632 1451 774 1488 trahere
804 1465 887 1488 cum
919 1453 1052 1497 animo,
1080 1452 1314 1490 omitteretne

237 1517 438 1566 inceptum,
466 1503 636 1566 quoniam
656 1514 789 1552 frustra
806 1524 897 1559 erat,
925 1529 968 1552 an
994 1515 1177 1553 fortunam
1201 1530 1315 1566 oppe-

234 1581 378 1624 riretur,
399 1593 471 1629 qua
490 1593 594 1629 saepe
614 1593 786 1628 prospere
805 1593 902 1616 usus.
952 1580 1058 1629 Quae
1072 1594 1156 1617 cum
1175 1580 1311 1618 multos

235 1645 323 1687 dies,
353 1652 492 1686 noctes,
511 1651 676 1679 aestuans
695 1643 864 1693 agitaret,
887 1642 983 1679 forte
1003 1643 1150 1692 quidam
1174 1643 1311 1694 Ligus,

235 1723 280 1746 ex
301 1708 514 1745 cohortibus
536 1705 726 1743 auxiliariis
756 1705 856 1743 miles
885 1707 1090 1757 gregarius,
1114 1707 1240 1744 castris
1273 1720 1313 1744 a-

233 1782 386 1823 quatum
401 1785 579 1823 egressus,
599 1771 695 1807 haud
709 1769 839 1820 procul
854 1770 898 1807 ab
914 1770 1023 1808 latere
1039 1764 1190 1815 castelli,
1207 1771 1309 1821 quod

232 1851 399 1875 avorsum
427 1835 686 1885 proeliantibus
719 1843 809 1878 erat,
837 1834 993 1871 animum
1025 1835 1184 1872 advortit
1216 1834 1312 1872 inter

231 1916 315 1940 saxa
334 1900 491 1952 repentis
510 1899 676 1937 cochleas
693 1913 702 1936 :
725 1912 877 1948 quarum
897 1912 979 1935 cum
1001 1912 1107 1935 unam
1126 1907 1237 1949 atque
1256 1899 1309 1936 al-

229 1976 357 2009 teram,
378 1965 459 2002 dein
479 1964 613 2014 plures,
633 1972 788 2013 peteret,
811 1962 931 1999 studio
949 1962 1098 2013 legundi
1117 1962 1308 2012 paullatim

229 2045 344 2082 prope
364 2030 410 2066 ad
429 2041 607 2065 summum
627 2026 760 2063 montis
779 2040 945 2077 egressus
960 2034 1028 2063 est.
1086 2026 1178 2070 Ubi,
1202 2035 1309 2076 post-

229 2109 338 2146 quam
367 2093 597 2130 solitudinem
629 2090 820 2134 intellexit,
849 2104 947 2127 more
980 2090 1125 2127 humani
1157 2090 1306 2140 ingenii,

228 2158 364 2210 cupido
383 2159 508 2210 ignara
526 2154 665 2193 visundi
692 2154 840 2192 invadit.
899 2155 954 2192 Et
972 2153 1070 2192 forte
1089 2154 1125 2190 in
1157 2168 1202 2191 eo
1221 2153 1306 2190 loco
