1497 2689
262 261 338 297 130
451 258 768 299 SALLUSTII
797 260 1137 301 JUGURTHA.

259 382 394 421 magno
413 370 548 421 gaudio
572 371 668 408 obvii
699 373 916 421 procedunt.
985 374 1141 423 Equites
1171 373 1333 423 pedites-

259 447 343 483 que,
372 442 518 483 repente
539 434 643 485 signo
663 435 763 479 dam,
784 436 842 473 alii
856 437 1004 488 volgum
1020 438 1174 475 effusum
1192 439 1331 488 oppido

257 497 404 534 caedere
423 513 433 543 ;
463 497 521 534 alii
540 498 586 534 ad
604 506 728 547 portas
741 497 927 546 festinare3
948 515 1030 550 pars
1043 502 1149 538 turris
1170 514 1298 551 capere
1317 516 1328 538 ι

255 560 307 598 ira
326 570 436 611 atque
455 563 608 611 praedae
624 576 704 612 spes
716 562 882 612 ampliuS,
903 578 1011 613 quam
1029 565 1218 608 lassitudo,
1244 578 1332 614 pos-

256 638 305 662 se.
365 626 425 663 Ita
444 626 632 677 Vagenses
653 626 803 662 biduum
819 627 928 663 modo
947 641 990 663 ex
1010 628 1161 677 perfidia
1175 627 1300 664 laetati
1317 643 1327 666 ε

253 689 381 726 civitas
400 704 531 741 magna
543 700 579 727 et
595 689 746 740 opulens
762 703 898 740 poenae
913 699 1059 735 cuncta,
1078 701 1141 729 aut
1161 692 1328 741 praedae,

254 753 337 790 fuit.
396 753 601 803 Turpilius,
630 768 752 803 quem,
780 753 1006 803 praefectum
1047 755 1188 805 oppidi,
1217 744 1329 792 unum

253 831 298 854 ex
318 817 483 855 omnibus
516 817 736 868 profugisse,
765 831 873 867 supra
891 818 1127 862 ostendimus,
1154 821 1275 870 jussus
1308 832 1330 854 a

254 882 410 920 Metello
430 895 592 918 caussam
613 882 744 925 dicere,
773 890 970 931 postquam
1002 896 1076 919 sese
1106 895 1234 931 parum
1266 896 1330 919 ex-

252 954 402 996 purgat,
431 945 705 988 condemnatus‚
734 945 1028 994 verberatusque,
1058 946 1178 995 capite
1193 959 1329 996 poenas

251 1009 381 1047 solvit:
413 1023 493 1046 nam
512 1009 541 1046 is
560 1009 645 1047 civis
664 1024 709 1046 ex
730 1009 843 1046 Latio
862 1018 951 1046 erat.

305 1139 439 1178 LXX.
472 1140 555 1177 PER
578 1140 673 1178 idem
692 1149 836 1190 tempus
858 1139 1053 1184 Bomilcar,
1074 1142 1177 1191 cujus
1196 1139 1327 1190 impul-

251 1217 291 1240 su
310 1204 497 1255 ,Iugurtha
516 1205 750 1248 deditionem,
779 1218 886 1254 quam
906 1213 1003 1241 metu
1029 1204 1200 1247 deseruit,
1229 1204 1327 1240 ince-

249 1278 366 1317 perat,
398 1278 586 1318 suspectus
606 1269 697 1320 regi,
726 1276 763 1305 et
783 1268 858 1317 ipse
873 1282 956 1304 eum
975 1268 1187 1317 suspiciens,
1215 1281 1324 1304 novas

247 1346 302 1369 res
322 1344 455 1382 cupere
474 1349 483 1378 ;
513 1334 558 1370 ad
578 1333 772 1383 perniciem
791 1334 866 1383 ejus
887 1331 1012 1368 dolum
1037 1346 1205 1381 quaerere
1222 1347 1232 1376 ;
1262 1332 1325 1369 diu

246 1405 433 1446 noctuque
454 1396 608 1447 fatigare
624 1397 781 1433 animum
800 1411 808 1432 :
840 1395 994 1444 denique
1010 1395 1129 1431 omnia
1148 1395 1324 1432 tentando

245 1460 383 1496 socium
404 1460 470 1501 sibi
490 1461 657 1511 adjungit
678 1459 913 1502 Nabdalsam,
943 1459 1125 1495 hominem
1151 1459 1324 1504 nobilem,

244 1523 384 1574 magnis
403 1523 548 1573 opibus,
578 1537 701 1560 carum
720 1532 985 1572 acceptumque
1004 1523 1242 1572 popularibus
1268 1537 1326 1560 su-

242 1586 272 1626 is
290 1603 300 1632 ;
330 1588 391 1637 qui
411 1587 624 1637 plerumque
645 1602 805 1624 seorsum
825 1588 870 1624 ab
891 1602 976 1638 rege
1001 1588 1202 1624 exercitum
1235 1588 1325 1625 duc-

242 1661 332 1696 tare,
361 1661 397 1689 et
419 1653 533 1689 omnis
553 1667 607 1689 res
626 1652 776 1701 exsequi
811 1651 937 1688 solitus
956 1661 1046 1696 erat,
1076 1666 1168 1701 quae
1187 1652 1324 1703 Jugur-

242 1717 342 1760 thae‚
372 1716 480 1760 fesso,
510 1726 572 1753 aut
606 1716 800 1767 majoribus
819 1716 1009 1760 adstricto,
1039 1726 1320 1766 superaverant:

241 1796 285 1819 ex
308 1796 381 1831 quo
398 1781 447 1817 illi
468 1781 584 1832 gloria
604 1795 766 1831 opesque
796 1781 974 1817 inventae.
1034 1781 1158 1831 Igitur
1190 1781 1324 1818 utrius-

243 1859 314 1895 que
334 1845 483 1882 consilio
504 1845 579 1882 dies
606 1845 741 1882 insidiis
775 1845 974 1882 statuitur:
1017 1853 1150 1889 cetera,
1180 1845 1234 1884 uti
1267 1859 1322 1881 res

241 1921 422 1961 posceret,
453 1926 497 1948 ex
518 1921 682 1960 tempore
704 1909 821 1959 parari
850 1909 1000 1959 placuit.
1058 1908 1243 1946 Nabdalsa
1275 1910 1321 1947 ad

241 1976 441 2012 exercitum
463 1975 665 2025 profectus,
695 1988 802 2024 quem
830 1974 924 2011 inter
953 1974 1102 2010 hiberna
1136 1974 1322 2010 Romano-

241 2054 320 2076 rum
334 2043 455 2091 jussus
476 2041 648 2083 habebat,
669 2054 712 2076 ne
733 2053 832 2089 ager,
862 2038 984 2075 inultis
1003 2038 1183 2082 hostibus,
1205 2046 1321 2074 vasta-

241 2109 351 2148 retur.
411 2105 448 2142 Is
469 2114 677 2155 postquam,
696 2103 947 2154 magnitudine
974 2102 1143 2140 facinoris
1175 2101 1323 2154 percul«
