1451 2719
322 265 636 304 SALLUSTII
680 264 1068 304 FRAGMENTA.
1153 266 1232 304 ι205

161 379 196 416 in
228 391 292 415 vos
320 386 469 414 auctum
497 387 607 428 atque
635 379 799 429 adjutum
828 378 1041 428 properatis.
1098 377 1230 428 Neque

159 457 230 496 ego
258 457 321 480 vos
350 442 467 480 ultum
496 444 639 495 injurias
659 444 810 488 horton
839 443 967 494 magis,
992 443 1044 479 uti
1073 443 1234 492 requiem

159 508 337 558 cupiatis:
369 521 484 557 neque
513 508 722 552 discordias,
752 517 793 545 ut
822 507 871 544 illi
899 507 1145 550 criminantur,
1171 507 1232 543 sed

159 585 281 609 earum
301 572 407 609 finem
429 571 562 616 volens,
577 575 657 624 Jure
676 573 841 624 gentium
874 585 928 608 res
947 581 1074 622 repeto
1092 587 1103 616 ;
1133 580 1184 615 et,
1206 572 1236 608 si

161 636 394 686 pertinaciter
408 637 629 680 retinebunt,
644 651 715 673 non
731 650 841 680 arma,
854 650 971 686 neque
987 637 1236 680 secessionem,

159 700 414 737 tantummodo
441 714 484 737 ne
502 700 653 750 amplius
673 701 882 752 sanguinem
897 709 1054 737 vestrum
1066 701 1238 750 praebea-

164 765 226 808 tis,
259 778 401 802 censeo.
461 765 604 803 Ger-ant
619 765 849 815 habeantque
865 779 929 802 suo
944 766 1053 802 modo
1068 765 1235 815 imperia;

161 838 335 880 quaerant
354 830 558 879 triumphos
579 844 589 867 ε
638 828 910 872 Mithridatem,
949 830 1164 873 Sertorium,
1196 837 1235 866 et

162 893 327 944 reliquias
345 894 493 931 exulum
513 903 776 945 persequantur
794 908 877 932 cum
896 894 1111 945 imaginibus
1131 894 1202 931 suis
1225 909 1235 931 ε

163 959 255 996 absit
277 959 492 1009 periculum,
519 969 555 996 et
576 959 690 1003 labos,
719 960 851 1009 quibus
871 959 966 996 nulla
994 973 1075 1009 pars
1095 959 1238 996 fnlctus

162 1032 218 1060 est
236 1039 246 1068 ;
276 1023 341 1060 nisi
360 1023 457 1060 forte
477 1024 660 1073 repentina
681 1024 748 1060 ista
767 1023 998 1060 frumentaria
1019 1025 1099 1075 lege
1118 1024 1239 1060 munia

165 1095 282 1124 vestra
301 1096 514 1137 pensantur:
533 1100 605 1137 qua
620 1096 738 1124 tamen
755 1088 871 1137 quinis
887 1088 1014 1124 modiis
1033 1087 1239 1125 libertatem

164 1151 326 1188 omnium
344 1160 602 1195 aestumavere,
622 1152 684 1201 qui
703 1150 872 1201 profecto
891 1166 962 1188 non
983 1152 1135 1202 amplius
1153 1165 1241 1202 pos-

164 1224 250 1252 sunt
268 1214 444 1252 alimentis
463 1216 628 1252 carceris.
685 1216 868 1265 Namque,
890 1225 931 1253 ut
950 1215 1017 1252 illis
1037 1216 1239 1267 exiguitate

166 1293 261 1317 mors
279 1279 508 1330 prohibetur,
538 1288 727 1316 senescunt
746 1280 850 1324 vires,
879 1280 928 1317 sic
949 1293 1066 1330 neque
1084 1279 1238 1316 absolvit

166 1357 254 1381 cura
271 1343 435 1381 familiari
455 1353 528 1381 tam
549 1357 658 1393 parva
676 1357 731 1381 res
749 1359 759 1388 3
788 1353 827 1381 et
844 1345 996 1395 ignavus
1017 1345 1166 1396 quisque
1186 1353 1243 1381 te-

167 1408 335 1445 nuissima
352 1422 415 1457 spe
434 1407 679 1445 frustrantur:
711 1422 802 1458 quae
825 1419 959 1452 tamen,
987 1409 1147 1458 quamvis
1167 1422 1242 1445 am-

168 1471 241 1522 pla,
261 1472 430 1522 quoniam
445 1472 576 1509 servitii
596 1472 752 1521 pretium
768 1482 1024 1517 ostentaretur,
1044 1477 1145 1525 cujus
1165 1482 1244 1510 tor-

169 1537 309 1586 pedinis
329 1546 405 1574 erat
425 1536 559 1585 decipi,
589 1545 626 1573 et
646 1546 842 1573 vestrarum
862 1551 979 1574 rerum
1000 1537 1096 1575 ultro
1116 1537 1242 1589 injuria

169 1601 324 1653 gratiam
343 1601 495 1639 debere?
513 1614 682 1650 namque,
701 1600 770 1637 alio
791 1602 915 1645 modo,
936 1616 1051 1652 neque
1071 1601 1189 1639 valent
1206 1602 1239 1638 in

172 1666 366 1710 universos,
394 1679 510 1716 neque
529 1666 771 1702 conabuntur.
826 1666 1021 1703 Cavendus
1049 1666 1154 1704 dolus
1172 1676 1242 1704 est.

174 1730 306 1780 Itaque
321 1730 426 1767 simul
440 1738 655 1779 comparant
671 1729 921 1774 delenimenta,
941 1740 978 1768 et
993 1730 1164 1768 differunt
1179 1745 1243 1768 vos

172 1795 207 1831 in
228 1795 422 1832 adventum
443 1795 513 1833 Cn.
535 1794 699 1844 Pompeii
719 1809 728 1838 ;
758 1809 867 1844 quem
886 1795 1016 1844 ipsum,
1046 1796 1106 1832 ubi
1134 1795 1246 1845 perti-

174 1873 294 1897 muere
313 1859 495 1897 sublatum
514 1859 549 1896 in
570 1859 726 1897 cervices
745 1873 838 1903 suas,
867 1874 966 1904 mox,
985 1861 1109 1898 demto
1129 1870 1244 1906 metu,

172 1922 345 1961 lacerant.
404 1924 534 1975 Neque
554 1937 615 1961 eos
634 1925 762 1974 pudet,
782 1924 954 1968 vindices,
979 1925 1032 1962 uti
1053 1939 1089 1962 se
1108 1924 1246 1971 ferunt,

173 1986 364 2031 libertatis,
391 1996 451 2025 tot
469 1988 576 2032 viros,
605 1988 678 2025 sine
698 2002 770 2024 uuo
790 1997 853 2025 aut
871 1988 1054 2026 remittere
1080 1989 1244 2041 injuriam

174 2064 245 2088 non
260 2051 405 2096 audere,
423 2061 487 2089 aut
503 2054 561 2104 jus
575 2066 646 2088 non
666 2066 772 2102 posse
787 2051 992 2090 defendere.
1048 2053 1145 2090 Mihi
1165 2053 1245 2103 qui-

175 2114 257 2153 dem
276 2116 361 2154 satis
381 2124 586 2167 spectatum
612 2125 681 2159 est,
711 2117 940 2167 Pompeium.
968 2127 1089 2156 tantae
1108 2118 1247 2169 gloriae
