1497 2689
237 281 312 319 120
429 277 744 319 SALLUSTII
774 278 1115 321 JUGURTHA«

235 405 409 428 memores
425 391 573 428 nominis
597 391 765 435 Romani,
779 406 891 444 grege
907 393 1019 436 facto,
1040 392 1161 429 locum
1175 404 1300 442 cepere

235 455 371 506 paullo,
393 469 500 505 quam
513 455 583 498 alii,
604 455 791 492 editiorem
809 471 818 492 :
850 471 962 506 neque
981 458 1064 494 inde
1083 469 1247 492 maxuma
1270 452 1305 494 vi

232 520 363 569 depelli
384 520 599 569 quiverunt3
629 520 691 556 sed
720 519 792 556 tela
820 521 956 557 eminus
982 522 1083 558 missa
1102 520 1301 565 remittere,

233 586 341 635 pauci
360 586 395 621 in
416 584 579 634 pluribus
599 583 714 620 minus
730 583 915 621 frustrati:
946 585 997 622 sin
1018 586 1198 623 Numidae
1218 598 1304 634 pro-

231 651 313 700 pius
333 650 576 692 accessissent,
596 648 645 685 ibi
666 661 750 685 vero
769 648 939 685 virtutem
959 650 1160 693 ostendere,
1180 657 1218 685 et
1237 661 1300 685 eos

230 725 397 750 maxuma
417 713 450 749 vi
469 713 628 756 caedere,
650 710 812 755 fundere,
832 720 941 761 atque
961 711 1100 762 fugare.
1146 712 1299 749 Interim

232 777 420 820 Metellus,
442 791 524 813 curn
544 789 724 813 acerrume
744 789 817 812 rem
831 784 987 826 gereret,
1008 774 1207 812 clamorem
1219 775 1305 812 hos-

231 842 332 878 tilem
362 842 406 878 ab
436 852 543 892 tergo
573 840 740 890 accepit:
771 840 865 883 dein,
896 853 1068 876 converso
1087 853 1196 889 equo,
1229 839 1304 876 ani-

232 906 441 949 madvortit,
463 905 588 955 fugam
607 904 652 940 ad
673 918 708 940 se
728 917 872 940 vorsum
892 903 967 939 fieri
985 919 995 948 ;
1027 916 1117 952 quae
1137 917 1192 939 res
1210 903 1305 939 indi-

232 971 339 1007 cabat
369 969 552 1019 popularis
582 982 668 1005 esse.
729 968 851 1018 Igitur
876 968 1078 1017 equitatum
1097 981 1239 1004 omnem
1257 968 1305 1005 ad

233 1043 349 1071 castra
379 1047 532 1083 propere
565 1032 691 1076 mittit,
724 1045 765 1068 ac
795 1031 918 1068 statim
951 1032 996 1069 C.
1030 1031 1189 1069 Marium
1220 1044 1306 1068 cum

233 1099 446 1136 cohortibus
467 1098 646 1134 sociorum
664 1112 673 1141 ;
702 1110 870 1146 eumque,
900 1095 1113 1140 lacrumans,
1134 1109 1200 1145 per
1218 1095 1307 1132 arni-

234 1162 355 1199 citiam
385 1175 520 1211 perque
540 1159 798 1210 rempublicam
817 1160 996 1204 obsecrat,
1028 1173 1071 1196 ne
1091 1173 1197 1208 quam
1219 1173 1307 1195 con-

234 1226 418 1263 tumeliam
449 1239 627 1262 remanere
658 1224 691 1259 in
722 1224 883 1260 exercitu
903 1224 1052 1267 victore,
1081 1237 1168 1260 neve
1188 1223 1305 1260 hostis

233 1290 368 1327 inultos
387 1290 497 1332 abire,
524 1289 613 1325 sinat
632 1303 640 1324 :
671 1287 729 1324 ille
748 1288 846 1324 brevi
867 1288 1033 1324 mandata
1057 1287 1181 1324 efficit.
1241 1288 1304 1324 At

233 1354 430 1404 Jugurtha,
451 1352 671 1388 munimento
691 1361 889 1388 castrorum
908 1351 1115 1401 impeditus,
1142 1365 1225 1388 cum
1247 1350 1307 1387 alii

237 1431 345 1466 super
374 1415 505 1452 vallum
534 1414 869 1465 praecipitarentur,
897 1414 954 1450 alii
983 1415 1018 1450 in
1039 1415 1216 1465 angustiis
1236 1415 1304 1463 ipsi

235 1481 301 1517 sibi
331 1488 565 1529 properantes
593 1478 805 1521 obficerent,
836 1477 957 1515 multis
986 1478 1133 1522 amissis,
1161 1478 1197 1514 in
1225 1477 1307 1515 loca

235 1544 372 1581 munita
409 1557 482 1580 sese
520 1542 669 1591 recepit.
741 1540 927 1586 Metellus,
966 1541 1102 1578 infecto
1140 1541 1305 1592 negotio,

236 1617 430 1658 postquam
450 1621 521 1643 nox
550 1606 685 1650 aderat,
713 1605 747 1641 in
767 1614 883 1643 castra
902 1619 985 1643 cum
1006 1605 1168 1643 exercitu
1187 1619 1307 1642 revor-

236 1674 338 1711 titur.

291 1805 408 1842 LIX.
441 1804 601 1841 Icmm
634 1810 781 1851 postero
811 1800 868 1838 die
897 1801 1008 1850 prius,
1039 1813 1146 1850 quam
1165 1799 1210 1836 ad
1238 1799 1306 1836 ob-

237 1869 473 1919 pugnandum
505 1867 751 1918 egrederetur,
783 1865 989 1914 equitatum
1022 1877 1164 1901 omnem
1195 1863 1230 1898 in
1264 1875 1308 1899 ea

236 1942 353 1983 parte,
381 1946 452 1982 qua
483 1931 578 1982 regis
605 1930 777 1967 adventus
804 1938 893 1974 erat,
921 1943 988 1979 pro
1017 1929 1141 1966 castris
1167 1928 1307 1978 agitare

232 1997 367 2049 jubet3
397 2004 518 2046 portas
549 2004 586 2032 et
616 2008 793 2044 proxuma
819 1993 900 2030 loca
927 1993 1078 2031 tribunis
1106 1992 1304 2042 dispertit:

238 2061 366 2097 deinde
386 2061 461 2109 ipse
480 2059 602 2110 pergit
622 2060 667 2095 ad
686 2058 875 2109 oppidum,
904 2067 1026 2109 atque,
1054 2068 1095 2095 ut
1122 2057 1306 2107 superiore

239 2126 310 2171 die,
339 2139 478 2163 murum
508 2124 731 2176 adgreditur.
790 2123 941 2162 Interim
967 2122 1154 2176 Jugurtha
1178 2135 1222 2160 ex
1243 2134 1309 2158 oc-
