1451 2719
361 274 673 313 SALLUSTII
704 275 1010 314 CATILINA.
1173 280 1224 315 55

155 385 291 424 animus
319 384 424 429 ferat,
452 384 621 422 frumenti
649 396 757 436 atque
785 387 928 424 aliarum
949 400 1064 424 rerum
1082 396 1224 437 egestas

154 449 336 500 prohibet.
395 451 638 500 Quocumque
666 451 714 487 ire
742 451 874 501 placet,
903 451 997 488 ferro
1017 451 1084 487 iter
1111 451 1226 500 aperi-

155 514 291 551 undum
310 523 377 551 est.
436 515 673 564 Quapropter
693 529 753 552 vos
773 530 914 560 moneo,
935 516 987 567 uti
1008 515 1093 551 forti
1115 524 1224 564 atque

152 586 278 628 panto
297 578 414 615 animo
434 578 510 615 sitis
528 594 538 623 ;
567 589 617 622 et,
637 593 720 616 cum
740 580 912 629 proelium
933 579 1081 623 inibitis‚
1102 579 1224 615 memi-

153 643 289 687 neritis,
309 657 370 680 vos
386 643 538 686 divitias,
558 644 681 688 decus,
701 643 864 696 gloriam,
884 652 1067 693 praeterea
1082 643 1222 679 liberta-

152 715 227 745 tem
242 716 352 757 atque
371 707 535 756 patriam,
556 707 589 743 in
613 708 748 744 dextris
768 716 924 757 portare.
984 708 1022 744 Si
1039 706 1223 750 vincimus,

153 771 272 808 omnia
290 771 393 808 nobis
412 781 505 814 tuta,
525 781 744 808 commeatus
759 771 914 814 abunde,
934 770 1095 807 coloniae
1114 780 1223 820 atque

154 834 346 884 municipia
378 836 555 884 patebunt
577 850 586 871 ε
623 835 673 871 sin
712 845 809 872 metu
842 836 1064 879 cesserimus,
1099 834 1223 872 eadem

151 898 211 935 illa
237 899 385 936 advorsa
414 899 504 935 fiunt
523 914 531 935 :
564 913 678 948 neque
697 899 811 943 locus,
841 913 956 949 neque
975 899 1108 936 amicus
1128 898 1225 948 quis-

153 976 261 1012 quam
289 972 405 1014 tcget‚
439 977 546 1011 quem
574 977 668 999 arma
696 977 766 1000 nou
796 964 962 1000 texerint.
1022 964 1223 1007 Praeterea,

154 1025 296 1070 milites,
309 1040 379 1063 non
395 1027 518 1063 eadem
534 1027 636 1063 nobis
651 1036 687 1063 et
698 1026 764 1064 illis
777 1028 1002 1065 necessitudo
1017 1027 1198 1077 impendet
1213 1042 1222 1064 ι

154 1099 225 1128 nos*
238 1105 304 1140 pro
323 1091 450 1140 patria,
470 1105 537 1140 pro
556 1091 736 1135 libertate,
756 1106 821 1141 pro
842 1092 915 1128 vita
933 1101 1110 1128 certamus
1128 1106 1136 1128 :
1159 1091 1225 1128 illis

154 1168 452 1204 supervacaneum
471 1163 526 1191 est
549 1169 709 1206 pugnare
737 1170 803 1205 pro
831 1156 995 1205 potentia
1013 1169 1222 1205 paucorum.

154 1219 242 1269 Quo
257 1218 426 1255 audacius
439 1219 687 1270 adgredimini‚
701 1233 873 1256 memores
888 1220 1056 1269 pristinae
1071 1219 1224 1257 virtutis.

153 1282 285 1321 Licuit
303 1282 420 1326 nobis,
440 1296 523 1319 cum
543 1297 680 1320 summa
699 1284 937 1334 turpitudine,
957 1284 991 1320 in
1007 1283 1113 1321 exilio
1129 1292 1227 1320 aeta-

153 1358 228 1385 tem
247 1361 354 1398 agere
371 1362 380 1384 ε
411 1347 581 1397 potuistis
600 1348 760 1385 nonnulli
784 1349 936 1393 Romae,
956 1348 1091 1385 amissis
1108 1347 1226 1391 bonis,

153 1412 283 1450 alienas
302 1425 391 1462 opes
407 1422 630 1462 exspectare.
688 1413 785 1463 Quia
814 1413 874 1450 illa
903 1413 1010 1451 foeda
1038 1423 1147 1463 atque
1174 1413 1227 1449 in-

153 1477 340 1514 toleranda
359 1477 439 1514 vin's
458 1477 684 1521 videbantur,
703 1478 791 1514 haec
809 1478 907 1527 sequi
923 1477 1141 1515 decrevistis.
1187 1477 1226 1514 Si

155 1541 352 1591 relinquere
372 1541 491 1586 voltis,
521 1541 669 1578 audacia
688 1555 780 1591 opus
812 1550 894 1579 est:
924 1555 1042 1585 nemo,
1071 1540 1136 1578 nisi
1156 1540 1228 1577 vic-

154 1615 227 1649 tor,
254 1618 343 1655 pace
371 1605 505 1642 bellum
534 1606 698 1642 mutavit.
770 1606 864 1642 Nam
894 1605 929 1641 in
958 1604 1048 1656 fuga
1077 1604 1226 1642 salutem

156 1683 310 1720 sperare,
338 1683 421 1706 cum
441 1683 550 1714 arina,
572 1671 653 1719 quis
672 1684 804 1720 corpus
824 1670 976 1721 tegitur,
995 1670 1040 1706 ab
1060 1669 1227 1706 hostibus

155 1733 336 1777 averteris,
362 1748 403 1770 ea
423 1748 506 1770 vero
532 1735 711 1771 dementia
735 1743 803 1771 est.
863 1735 1013 1783 Semper
1031 1731 1065 1769 in
1086 1733 1226 1783 proelio

155 1811 363 1835 maxumum
382 1807 438 1835 est
464 1798 677 1848 periculum,
707 1798 767 1848 qui
787 1811 952 1834 maxume
980 1798 1135 1834 timent:
1167 1811 1228 1834 au-

155 1862 257 1899 dacia
276 1876 342 1912 pro
363 1876 465 1899 muro
485 1863 652 1900 habetur.
710 1864 806 1901 Cum
825 1877 888 1900 vos
907 1863 1108 1906 considero,
1137 1862 1229 1898 mili-

155 1940 224 1970 tes,
254 1935 291 1964 et
322 1940 406 1964 cum
435 1926 533 1966 facta
552 1937 668 1965 vestra
698 1937 874 1971 aestumo,
905 1941 1036 1978 magna
1064 1940 1120 1964 me
1147 1941 1227 1976 spes

154 1991 325 2028 victoriae
344 2000 458 2029 tenet.
515 1991 689 2036 Animus,
718 2001 829 2036 aetas,
859 1992 969 2029 virtus
989 2000 1119 2036 vestra,
1139 1993 1226 2029 hor·

156 2055 308 2100 t'antur3
337 2064 521 2106 praeterea
551 2055 795 2100 necessitudo,
826 2070 916 2106 quae
944 2056 1051 2094 etiam
1081 2056 1226 2093 timidos

159 2118 262 2158 fortis
282 2118 382 2158 facit.
440 2121 548 2164 Nam,
575 2119 772 2158 multitudo
791 2121 950 2160 hostium
970 2136 1013 2159 ne
1032 2122 1225 2160 circumve-
