1497 2689
187 290 241 326 80
379 286 695 326 SALLUSTII
724 284 1064 327 JUGURTHA.

186 412 265 437 cam
283 399 491 443 transvecti,
510 412 707 448 proxumos
727 408 850 437 nostro
870 400 956 436 mari
977 398 1078 436 locos
1097 409 1257 447 occupas

185 478 278 501 vere.
335 465 408 501 Sed
429 464 557 501 Persae
572 464 666 500 intra
680 477 853 501 oceanum
868 465 1005 516 magis:
1026 463 1122 512 iique
1137 461 1258 498 alveos

184 529 327 565 navium
360 528 516 564 inversos
548 542 615 578 pro
643 528 800 578 tuguriis
828 529 999 572 habuere,
1028 526 1112 578 quia
1139 538 1257 576 neque

185 593 333 629 materia
351 593 386 628 in
402 592 510 643 agris,
529 606 645 642 neque
661 592 706 629 ab
728 592 904 641 Hispanis
921 592 1081 635 emundi,
1100 598 1163 628 aut
1178 603 1258 626 mu-

184 657 299 701 tandi,
332 657 438 706 copia
457 665 533 707 erat
556 671 565 693 ε
595 669 691 693 mare
719 670 890 707 magnum
917 665 956 693 et
983 656 1106 707 ignara
1133 654 1258 705 lingua

183 721 399 759 commercia
413 721 668 771 prohibebant.
719 721 775 758 Hi
794 719 981 770 paullatim
1001 734 1065 769 per
1078 718 1259 756 connubia

185 788 366 826 Gaetulos
391 788 590 825 miscuere:
620 796 671 831 et,
692 787 775 836 quia
795 800 900 836 saepe
925 794 1107 822 tentantes
1134 798 1258 836 agros,

183 853 265 896 alia,
285 852 413 889 deinde
432 851 500 887 alia
519 851 600 887 loca
618 851 834 900 petiverant,
856 861 969 888 semet
988 851 1056 900 ipsi
1078 850 1259 888 Numidas

184 916 420 966 adpellavere.
478 915 652 953 Ceterum
683 915 802 952 adhuc
822 915 985 952 aedificia
1015 914 1259 952 Numidarum

183 981 395 1031 agrestium,
416 993 507 1029 quae
528 979 681 1028 mapalia
701 979 750 1015 illi
770 990 916 1023 vocant,
935 978 1108 1029 oblonga,
1137 978 1259 1014 incur-

184 1045 235 1081 vis
247 1044 419 1081 lateribus
432 1052 544 1087 tecta,
564 1043 665 1093 quasi
681 1044 823 1080 navium
838 1044 991 1087 carinae,
1008 1052 1104 1080 sunt.
1134 1041 1259 1080 Medis

184 1117 307 1145 autem
325 1117 370 1144 et·
383 1107 556 1144 Armenis
571 1121 754 1144 accessere
775 1108 916 1157 Libyes
936 1109 1037 1160 (nam
1052 1106 1090 1144 hi
1108 1106 1260 1156 propius

184 1185 280 1208 mare
308 1170 484 1208 Africum
503 1171 721 1221 agitabant;
752 1171 904 1209 Gaetuli
934 1172 999 1208 sub
1030 1170 1103 1207 sole
1130 1170 1259 1221 magis,

183 1236 282 1272 haud
300 1235 431 1285 procul
448 1236 494 1271 ab
514 1235 723 1286 ardoribus)
755 1234 863 1285 hique
882 1243 1022 1271 mature
1043 1234 1178 1284 oppida
1197 1232 1261 1269 ha-

183 1301 321 1344 buere3
351 1313 446 1342 narn,
474 1298 569 1335 freto
600 1299 702 1335 divisi
738 1300 783 1335 ab
814 1299 1008 1349 Hispania,
1037 1307 1176 1334 mutare
1204 1310 1260 1334 res

182 1364 277 1401 inter
295 1378 331 1400 se
349 1363 592 1400 instituerant.
650 1364 792 1401 Nomen
821 1378 946 1401 eorum
974 1363 1163 1413 paullatim
1192 1362 1262 1400 Li-

183 1430 273 1479 byes
293 1442 500 1478 corrupere,
529 1428 681 1464 barbara
708 1428 832 1478 lingua
862 1428 1014 1465 Mauros
1042 1441 1108 1477 pro
1138 1426 1261 1464 Medis

184 1492 419 1542 adpellantes.
480 1492 553 1529 Sed
573 1505 627 1527 res
657 1492 846 1528 Persarum
873 1492 973 1528 brevi
1002 1491 1187 1536 adolevit3
1216 1503 1258 1527 ae

184 1567 312 1608 postea
345 1557 488 1593 nomine
522 1556 719 1599 Numidae,
752 1565 906 1606 propter
937 1554 1208 1593 multitudinem
1240 1568 1261 1591 a

186 1622 396 1673 parentibus
416 1622 580 1673 digressi,
602 1621 785 1671 possidere
799 1636 840 1658 ea
854 1621 949 1667 loca,
970 1635 1062 1672 quae
1082 1632 1260 1671 proxume

186 1687 447 1738 Carthaginem
477 1686 651 1724 Numidia
683 1683 898 1735 adpellatur.
981 1686 1080 1723 Dein
1101 1685 1260 1735 utrique,

186 1752 308 1789 alteris
327 1752 424 1795 freti,
450 1751 635 1788 finitumos
655 1751 760 1787 armis
779 1759 841 1787 aut
864 1759 964 1787 metu
985 1750 1051 1787 sub
1070 1749 1261 1799 imperium

186 1831 332 1868 cogere,
362 1830 491 1853 nomen
511 1815 739 1867 gloriamque
759 1815 828 1851 sibi
845 1815 1013 1851 addidere
1035 1829 1046 1858 ;
1075 1813 1189 1864 magis
1208 1812 1260 1857 hi,

187 1882 249 1931 qui
282 1881 329 1918 ad
360 1890 524 1918 nostrum
556 1893 651 1916 mare
683 1886 945 1929 processerant,
983 1878 1067 1927 quia
1101 1877 1258 1927 Libyes,

187 1959 296 1995 quam
330 1945 497 1989 Gaetuli,
530 1944 646 1981 minus
677 1941 840 1981 bellicosi
863 1958 872 1980 ε
917 1942 1071 1992 denique
1105 1940 1261 1980 Africae

187 2023 270 2059 pars
289 2008 435 2046 inferior
453 2009 626 2059 pleraque
645 2008 690 2045 ab
712 2007 880 2046 Numidis
899 2020 1062 2057 possessa
1076 2014 1153 2043 est:
1174 2003 1263 2042 victi
1290 2028 1296 2033 -

189 2087 312 2110 omnes
343 2073 377 2110 in
409 2082 556 2125 gentem
589 2081 791 2122 nomenque
822 2071 1078 2122 imperantium
1113 2082 1262 2109 COnc-eSt·

191 2150 277 2174 sere.
