<?xml version="1.0" encoding="UTF-8"?>
<!DOCTYPE html PUBLIC "-//W3C//DTD XHTML 1.0 Transitional//EN"
    "http://www.w3.org/TR/xhtml1/DTD/xhtml1-transitional.dtd">
<html xmlns="http://www.w3.org/1999/xhtml" xml:lang="en" lang="en">
 <head>
  <title>
</title>
<meta http-equiv="Content-Type" content="text/html;charset=utf-8" />
  <meta name='ocr-system' content='tesseract 3.04.00' />
  <meta name='ocr-capabilities' content='ocr_page ocr_carea ocr_par ocr_line ocrx_word'/>
</head>
<body>
  <div class='ocr_page' id='page_1' title='image "./quaesupersuntope00salluoft_0123.png"; bbox 0 0 1451 2719; ppageno 0'>
   <div class='ocr_carea' id='block_1_1' title="bbox 348 282 1217 324">
    <p class='ocr_par' dir='ltr' id='par_1_1' title="bbox 348 282 1217 324">
     <span class='ocr_line' id='line_1_1' title="bbox 348 282 1217 324; baseline 0.001 -2"><span class='ocrx_word' id='word_1_1' title='bbox 348 283 662 323; x_wconf 90' lang='lat' dir='ltr'><strong>SALLUSTII</strong></span> <span class='ocrx_word' id='word_1_2' title='bbox 692 285 1031 324; x_wconf 85' lang='lat' dir='ltr'>JUGURTHA.</span> <span class='ocrx_word' id='word_1_3' title='bbox 1148 282 1217 323; x_wconf 91' lang='lat'>111</span> 
     </span>
    </p>
   </div>
   <div class='ocr_carea' id='block_1_2' title="bbox 143 394 1226 1073">
    <p class='ocr_par' dir='ltr' id='par_1_2' title="bbox 143 394 1226 1073">
     <span class='ocr_line' id='line_1_2' title="bbox 148 394 1216 447; baseline 0.001 -15"><span class='ocrx_word' id='word_1_4' title='bbox 148 407 219 444; x_wconf 73' lang='lat' dir='ltr'>que</span> <span class='ocrx_word' id='word_1_5' title='bbox 248 394 498 438; x_wconf 85' lang='lat' dir='ltr'>consederant,</span> <span class='ocrx_word' id='word_1_6' title='bbox 530 410 644 445; x_wconf 84' lang='lat' dir='ltr'>neque</span> <span class='ocrx_word' id='word_1_7' title='bbox 676 397 780 447; x_wconf 82' lang='lat' dir='ltr'>plane</span> <span class='ocrx_word' id='word_1_8' title='bbox 807 397 983 434; x_wconf 85' lang='lat' dir='ltr'>occultati</span> <span class='ocrx_word' id='word_1_9' title='bbox 1012 396 1216 433; x_wconf 87' lang='lat' dir='ltr'>humilitate</span> 
     </span>
     <span class='ocr_line' id='line_1_3' title="bbox 146 459 1224 513; baseline 0.003 -18"><span class='ocrx_word' id='word_1_10' title='bbox 146 459 329 503; x_wconf 72' lang='lat' dir='ltr'>arborum,</span> <span class='ocrx_word' id='word_1_11' title='bbox 344 470 381 496; x_wconf 89' lang='lat' dir='ltr'>et</span> <span class='ocrx_word' id='word_1_12' title='bbox 398 469 515 497; x_wconf 89' lang='lat' dir='ltr'>tamen</span> <span class='ocrx_word' id='word_1_13' title='bbox 531 462 670 506; x_wconf 80' lang='lat' dir='ltr'>incerti,</span> <span class='ocrx_word' id='word_1_14' title='bbox 688 465 857 513; x_wconf 80' lang='lat' dir='ltr'>quidnam</span> <span class='ocrx_word' id='word_1_15' title='bbox 872 472 964 501; x_wconf 86' lang='lat' dir='ltr'>esset</span> <span class='ocrx_word' id='word_1_16' title='bbox 981 478 991 507; x_wconf 89' lang='lat'>;</span> <span class='ocrx_word' id='word_1_17' title='bbox 1015 476 1098 499; x_wconf 89' lang='lat' dir='ltr'>cum</span> <span class='ocrx_word' id='word_1_18' title='bbox 1119 471 1224 498; x_wconf 87' lang='lat' dir='ltr'>natu-</span> 
     </span>
     <span class='ocr_line' id='line_1_4' title="bbox 146 523 1223 579; baseline 0.003 -19"><span class='ocrx_word' id='word_1_19' title='bbox 146 536 184 560; x_wconf 86' lang='lat' dir='ltr'>ra</span> <span class='ocrx_word' id='word_1_20' title='bbox 203 523 288 567; x_wconf 90' lang='lat' dir='ltr'>loci,</span> <span class='ocrx_word' id='word_1_21' title='bbox 308 532 387 560; x_wconf 91' lang='lat' dir='ltr'>tum</span> <span class='ocrx_word' id='word_1_22' title='bbox 408 524 507 569; x_wconf 87' lang='lat' dir='ltr'>dolo,</span> <span class='ocrx_word' id='word_1_23' title='bbox 528 526 610 576; x_wconf 81' lang='lat' dir='ltr'>ipsi,</span> <span class='ocrx_word' id='word_1_24' title='bbox 630 537 740 578; x_wconf 87' lang='lat' dir='ltr'>atque</span> <span class='ocrx_word' id='word_1_25' title='bbox 761 529 862 579; x_wconf 84' lang='lat' dir='ltr'>signa</span> <span class='ocrx_word' id='word_1_26' title='bbox 882 527 1061 571; x_wconf 89' lang='lat' dir='ltr'>militaria,</span> <span class='ocrx_word' id='word_1_27' title='bbox 1092 528 1223 563; x_wconf 86' lang='lat' dir='ltr'>obscu-</span> 
     </span>
     <span class='ocr_line' id='line_1_5' title="bbox 145 586 1220 642; baseline 0.003 -18"><span class='ocrx_word' id='word_1_28' title='bbox 145 586 234 638; x_wconf 84' lang='lat' dir='ltr'>rati)</span> <span class='ocrx_word' id='word_1_29' title='bbox 257 586 352 631; x_wconf 87' lang='lat' dir='ltr'>dein,</span> <span class='ocrx_word' id='word_1_30' title='bbox 381 589 479 626; x_wconf 89' lang='lat' dir='ltr'>brevi</span> <span class='ocrx_word' id='word_1_31' title='bbox 508 592 665 641; x_wconf 84' lang='lat' dir='ltr'>cognitis</span> <span class='ocrx_word' id='word_1_32' title='bbox 693 593 840 636; x_wconf 87' lang='lat' dir='ltr'>insidiis,</span> <span class='ocrx_word' id='word_1_33' title='bbox 870 592 1064 642; x_wconf 83' lang='lat' dir='ltr'>paullisper</span> <span class='ocrx_word' id='word_1_34' title='bbox 1090 605 1220 642; x_wconf 84' lang='lat' dir='ltr'>agmen</span> 
     </span>
     <span class='ocr_line' id='line_1_6' title="bbox 145 651 1226 699; baseline 0.003 -12"><span class='ocrx_word' id='word_1_35' title='bbox 145 651 313 688; x_wconf 89' lang='lat' dir='ltr'>constitit</span> <span class='ocrx_word' id='word_1_36' title='bbox 331 667 340 688; x_wconf 89' lang='lat'>:</span> <span class='ocrx_word' id='word_1_37' title='bbox 373 652 436 695; x_wconf 88' lang='lat' dir='ltr'>ibi,</span> <span class='ocrx_word' id='word_1_38' title='bbox 464 656 697 692; x_wconf 89' lang='lat' dir='ltr'>commutatis</span> <span class='ocrx_word' id='word_1_39' title='bbox 717 656 916 699; x_wconf 83' lang='lat' dir='ltr'>ordinibus,</span> <span class='ocrx_word' id='word_1_40' title='bbox 946 656 980 691; x_wconf 90' lang='lat' dir='ltr'>in</span> <span class='ocrx_word' id='word_1_41' title='bbox 1001 655 1153 692; x_wconf 80' lang='lat' dir='ltr'>dextero</span> <span class='ocrx_word' id='word_1_42' title='bbox 1173 654 1226 690; x_wconf 86' lang='lat' dir='ltr'>la-</span> 
     </span>
     <span class='ocr_line' id='line_1_7' title="bbox 144 716 1225 770; baseline 0.004 -19"><span class='ocrx_word' id='word_1_43' title='bbox 144 722 235 759; x_wconf 88' lang='lat' dir='ltr'>tere,</span> <span class='ocrx_word' id='word_1_44' title='bbox 264 716 365 765; x_wconf 88' lang='lat' dir='ltr'>quod</span> <span class='ocrx_word' id='word_1_45' title='bbox 385 731 603 766; x_wconf 86' lang='lat' dir='ltr'>proxumum</span> <span class='ocrx_word' id='word_1_46' title='bbox 624 719 738 756; x_wconf 88' lang='lat' dir='ltr'>hostis</span> <span class='ocrx_word' id='word_1_47' title='bbox 757 730 847 764; x_wconf 83' lang='lat' dir='ltr'>erat,</span> <span class='ocrx_word' id='word_1_48' title='bbox 877 719 1080 770; x_wconf 77' lang='lat' dir='ltr'>triplicibus</span> <span class='ocrx_word' id='word_1_49' title='bbox 1109 719 1225 755; x_wconf 89' lang='lat' dir='ltr'>subsi-</span> 
     </span>
     <span class='ocr_line' id='line_1_8' title="bbox 145 779 1224 834; baseline 0.003 -18"><span class='ocrx_word' id='word_1_50' title='bbox 145 779 213 817; x_wconf 89' lang='lat' dir='ltr'>diis</span> <span class='ocrx_word' id='word_1_51' title='bbox 240 781 352 817; x_wconf 82' lang='lat' dir='ltr'>aciem</span> <span class='ocrx_word' id='word_1_52' title='bbox 383 781 581 827; x_wconf 83' lang='lat' dir='ltr'>instruxit3</span> <span class='ocrx_word' id='word_1_53' title='bbox 610 784 703 821; x_wconf 88' lang='lat' dir='ltr'>inter</span> <span class='ocrx_word' id='word_1_54' title='bbox 731 783 934 834; x_wconf 90' lang='lat' dir='ltr'>manipulos</span> <span class='ocrx_word' id='word_1_55' title='bbox 964 783 1166 821; x_wconf 81' lang='lat' dir='ltr'>funditores</span> <span class='ocrx_word' id='word_1_56' title='bbox 1185 792 1224 820; x_wconf 83' lang='lat' dir='ltr'>ct</span> 
     </span>
     <span class='ocr_line' id='line_1_9' title="bbox 148 845 1221 898; baseline 0.004 -17"><span class='ocrx_word' id='word_1_57' title='bbox 148 845 357 896; x_wconf 82' lang='lat' dir='ltr'>sagittarios</span> <span class='ocrx_word' id='word_1_58' title='bbox 385 846 568 896; x_wconf 82' lang='lat' dir='ltr'>dispertit,</span> <span class='ocrx_word' id='word_1_59' title='bbox 596 849 800 898; x_wconf 84' lang='lat' dir='ltr'>equitatum</span> <span class='ocrx_word' id='word_1_60' title='bbox 829 863 971 886; x_wconf 88' lang='lat' dir='ltr'>omnem</span> <span class='ocrx_word' id='word_1_61' title='bbox 992 849 1026 885; x_wconf 89' lang='lat' dir='ltr'>in</span> <span class='ocrx_word' id='word_1_62' title='bbox 1051 849 1221 886; x_wconf 85' lang='lat' dir='ltr'>cornibus</span> 
     </span>
     <span class='ocr_line' id='line_1_10' title="bbox 143 907 1223 961; baseline 0.005 -17"><span class='ocrx_word' id='word_1_63' title='bbox 143 907 242 945; x_wconf 89' lang='lat' dir='ltr'>locat</span> <span class='ocrx_word' id='word_1_64' title='bbox 258 924 267 946; x_wconf 92' lang='lat'>:</span> <span class='ocrx_word' id='word_1_65' title='bbox 289 922 346 953; x_wconf 88' lang='lat' dir='ltr'>ac,</span> <span class='ocrx_word' id='word_1_66' title='bbox 366 924 480 959; x_wconf 89' lang='lat' dir='ltr'>pauca</span> <span class='ocrx_word' id='word_1_67' title='bbox 497 925 563 960; x_wconf 88' lang='lat' dir='ltr'>pro</span> <span class='ocrx_word' id='word_1_68' title='bbox 579 921 742 961; x_wconf 87' lang='lat' dir='ltr'>tempore</span> <span class='ocrx_word' id='word_1_69' title='bbox 758 912 887 949; x_wconf 89' lang='lat' dir='ltr'>milites</span> <span class='ocrx_word' id='word_1_70' title='bbox 901 913 1082 956; x_wconf 81' lang='lat' dir='ltr'>hortatus,</span> <span class='ocrx_word' id='word_1_71' title='bbox 1095 913 1223 955; x_wconf 83' lang='lat' dir='ltr'>aciem,</span> 
     </span>
     <span class='ocr_line' id='line_1_11' title="bbox 147 971 1223 1026; baseline 0.004 -18"><span class='ocrx_word' id='word_1_72' title='bbox 147 971 255 1009; x_wconf 86' lang='lat' dir='ltr'>sicuti</span> <span class='ocrx_word' id='word_1_73' title='bbox 289 973 521 1018; x_wconf 89' lang='lat' dir='ltr'>instruxerat,</span> <span class='ocrx_word' id='word_1_74' title='bbox 555 977 767 1013; x_wconf 87' lang='lat' dir='ltr'>transvorsis</span> <span class='ocrx_word' id='word_1_75' title='bbox 799 977 985 1026; x_wconf 85' lang='lat' dir='ltr'>principiis</span> <span class='ocrx_word' id='word_1_76' title='bbox 1013 977 1047 1012; x_wconf 92' lang='lat' dir='ltr'>in</span> <span class='ocrx_word' id='word_1_77' title='bbox 1077 975 1223 1025; x_wconf 87' lang='lat' dir='ltr'>planum</span> 
     </span>
     <span class='ocr_line' id='line_1_12' title="bbox 147 1036 310 1073; baseline -0.006 0"><span class='ocrx_word' id='word_1_78' title='bbox 147 1036 310 1073; x_wconf 89' lang='lat' dir='ltr'>deducit.</span> 
     </span>
    </p>
   </div>
   <div class='ocr_carea' id='block_1_3' title="bbox 142 1165 1228 2186">
    <p class='ocr_par' dir='ltr' id='par_1_3' title="bbox 142 1165 1228 2186">
     <span class='ocr_line' id='line_1_13' title="bbox 199 1165 1225 1220; baseline 0.002 -17"><span class='ocrx_word' id='word_1_79' title='bbox 199 1165 250 1203; x_wconf 91' lang='lat' dir='ltr'>L.</span> <span class='ocrx_word' id='word_1_80' title='bbox 283 1167 378 1210; x_wconf 72' lang='lat' dir='ltr'>SED,</span> <span class='ocrx_word' id='word_1_81' title='bbox 409 1168 470 1204; x_wconf 92' lang='lat' dir='ltr'>ubi</span> <span class='ocrx_word' id='word_1_82' title='bbox 499 1169 678 1206; x_wconf 87' lang='lat' dir='ltr'>Numidas</span> <span class='ocrx_word' id='word_1_83' title='bbox 707 1170 864 1220; x_wconf 87' lang='lat' dir='ltr'>quietos,</span> <span class='ocrx_word' id='word_1_84' title='bbox 894 1183 1011 1220; x_wconf 87' lang='lat' dir='ltr'>neque</span> <span class='ocrx_word' id='word_1_85' title='bbox 1040 1168 1133 1206; x_wconf 93' lang='lat' dir='ltr'>colle</span> <span class='ocrx_word' id='word_1_86' title='bbox 1163 1168 1225 1205; x_wconf 90' lang='lat' dir='ltr'>de-</span> 
     </span>
     <span class='ocr_line' id='line_1_14' title="bbox 144 1231 1223 1283; baseline 0.001 -16"><span class='ocrx_word' id='word_1_87' title='bbox 144 1231 262 1283; x_wconf 88' lang='lat' dir='ltr'>gredi,</span> <span class='ocrx_word' id='word_1_88' title='bbox 277 1231 547 1277; x_wconf 82' lang='lat' dir='ltr'>animadvortit,</span> <span class='ocrx_word' id='word_1_89' title='bbox 564 1234 698 1270; x_wconf 85' lang='lat' dir='ltr'>veritus</span> <span class='ocrx_word' id='word_1_90' title='bbox 713 1248 756 1270; x_wconf 86' lang='lat' dir='ltr'>ex</span> <span class='ocrx_word' id='word_1_91' title='bbox 774 1234 855 1270; x_wconf 85' lang='lat' dir='ltr'>anni</span> <span class='ocrx_word' id='word_1_92' title='bbox 871 1243 1035 1283; x_wconf 88' lang='lat' dir='ltr'>tempore</span> <span class='ocrx_word' id='word_1_93' title='bbox 1049 1242 1087 1270; x_wconf 89' lang='lat' dir='ltr'>et</span> <span class='ocrx_word' id='word_1_94' title='bbox 1101 1232 1223 1282; x_wconf 87' lang='lat' dir='ltr'>inopia</span> 
     </span>
     <span class='ocr_line' id='line_1_15' title="bbox 143 1296 1226 1347; baseline 0 -15"><span class='ocrx_word' id='word_1_95' title='bbox 143 1309 272 1346; x_wconf 86' lang='lat' dir='ltr'>aquae,</span> <span class='ocrx_word' id='word_1_96' title='bbox 292 1310 335 1333; x_wconf 90' lang='lat' dir='ltr'>ne</span> <span class='ocrx_word' id='word_1_97' title='bbox 355 1296 414 1333; x_wconf 89' lang='lat' dir='ltr'>siti</span> <span class='ocrx_word' id='word_1_98' title='bbox 435 1297 678 1335; x_wconf 84' lang='lat' dir='ltr'>conficeretur</span> <span class='ocrx_word' id='word_1_99' title='bbox 695 1299 890 1342; x_wconf 88' lang='lat' dir='ltr'>exercitus,</span> <span class='ocrx_word' id='word_1_100' title='bbox 924 1297 1107 1334; x_wconf 89' lang='lat' dir='ltr'>Rutilium</span> <span class='ocrx_word' id='word_1_101' title='bbox 1127 1296 1226 1347; x_wconf 82' lang='lat' dir='ltr'>lega-</span> 
     </span>
     <span class='ocr_line' id='line_1_16' title="bbox 144 1362 1228 1413; baseline -0.003 -12"><span class='ocrx_word' id='word_1_102' title='bbox 144 1368 224 1401; x_wconf 81' lang='lat' dir='ltr'>tum</span> <span class='ocrx_word' id='word_1_103' title='bbox 245 1375 328 1401; x_wconf 88' lang='lat' dir='ltr'>cum</span> <span class='ocrx_word' id='word_1_104' title='bbox 345 1362 525 1412; x_wconf 82' lang='lat' dir='ltr'>expeditis</span> <span class='ocrx_word' id='word_1_105' title='bbox 540 1362 755 1400; x_wconf 88' lang='lat' dir='ltr'>cohortibus</span> <span class='ocrx_word' id='word_1_106' title='bbox 769 1372 805 1400; x_wconf 91' lang='lat' dir='ltr'>et</span> <span class='ocrx_word' id='word_1_107' title='bbox 821 1372 925 1413; x_wconf 86' lang='lat' dir='ltr'>parte</span> <span class='ocrx_word' id='word_1_108' title='bbox 940 1362 1106 1412; x_wconf 88' lang='lat' dir='ltr'>equitum</span> <span class='ocrx_word' id='word_1_109' title='bbox 1125 1375 1228 1411; x_wconf 89' lang='lat' dir='ltr'>prae-</span> 
     </span>
     <span class='ocr_line' id='line_1_17' title="bbox 144 1424 1226 1476; baseline 0 -15"><span class='ocrx_word' id='word_1_110' title='bbox 144 1424 242 1462; x_wconf 89' lang='lat' dir='ltr'>misit</span> <span class='ocrx_word' id='word_1_111' title='bbox 261 1427 307 1463; x_wconf 91' lang='lat' dir='ltr'>ad</span> <span class='ocrx_word' id='word_1_112' title='bbox 326 1427 474 1470; x_wconf 85' lang='lat' dir='ltr'>flumen,</span> <span class='ocrx_word' id='word_1_113' title='bbox 495 1426 549 1463; x_wconf 90' lang='lat' dir='ltr'>uti</span> <span class='ocrx_word' id='word_1_114' title='bbox 568 1425 690 1463; x_wconf 90' lang='lat' dir='ltr'>locum</span> <span class='ocrx_word' id='word_1_115' title='bbox 709 1427 836 1464; x_wconf 87' lang='lat' dir='ltr'>castris</span> <span class='ocrx_word' id='word_1_116' title='bbox 855 1435 1112 1476; x_wconf 82' lang='lat' dir='ltr'>antecaperet3</span> <span class='ocrx_word' id='word_1_117' title='bbox 1133 1426 1226 1462; x_wconf 83' lang='lat' dir='ltr'>exis-</span> 
     </span>
     <span class='ocr_line' id='line_1_18' title="bbox 144 1489 1226 1541; baseline -0.002 -14"><span class='ocrx_word' id='word_1_118' title='bbox 144 1499 301 1535; x_wconf 85' lang='lat' dir='ltr'>tumans,</span> <span class='ocrx_word' id='word_1_119' title='bbox 328 1491 444 1528; x_wconf 88' lang='lat' dir='ltr'>hostis</span> <span class='ocrx_word' id='word_1_120' title='bbox 473 1491 601 1528; x_wconf 88' lang='lat' dir='ltr'>crebro</span> <span class='ocrx_word' id='word_1_121' title='bbox 625 1492 766 1541; x_wconf 88' lang='lat' dir='ltr'>impetu</span> <span class='ocrx_word' id='word_1_122' title='bbox 785 1500 822 1528; x_wconf 89' lang='lat' dir='ltr'>et</span> <span class='ocrx_word' id='word_1_123' title='bbox 842 1490 1053 1528; x_wconf 88' lang='lat' dir='ltr'>transvorsis</span> <span class='ocrx_word' id='word_1_124' title='bbox 1081 1489 1226 1540; x_wconf 89' lang='lat' dir='ltr'>proeliis</span> 
     </span>
     <span class='ocr_line' id='line_1_19' title="bbox 143 1554 1225 1606; baseline -0.001 -14"><span class='ocrx_word' id='word_1_125' title='bbox 143 1555 214 1593; x_wconf 87' lang='lat' dir='ltr'>iter</span> <span class='ocrx_word' id='word_1_126' title='bbox 232 1570 335 1592; x_wconf 89' lang='lat' dir='ltr'>suum</span> <span class='ocrx_word' id='word_1_127' title='bbox 351 1565 606 1599; x_wconf 88' lang='lat' dir='ltr'>remoraturos,</span> <span class='ocrx_word' id='word_1_128' title='bbox 626 1565 677 1599; x_wconf 88' lang='lat' dir='ltr'>et,</span> <span class='ocrx_word' id='word_1_129' title='bbox 699 1556 869 1606; x_wconf 89' lang='lat' dir='ltr'>quoniam</span> <span class='ocrx_word' id='word_1_130' title='bbox 884 1555 990 1592; x_wconf 86' lang='lat' dir='ltr'>armis</span> <span class='ocrx_word' id='word_1_131' title='bbox 1006 1554 1225 1599; x_wconf 88' lang='lat' dir='ltr'>diffiderent,</span> 
     </span>
     <span class='ocr_line' id='line_1_20' title="bbox 143 1619 1227 1668; baseline -0.001 -12"><span class='ocrx_word' id='word_1_132' title='bbox 143 1619 390 1658; x_wconf 81' lang='lat' dir='ltr'>lassitudinem</span> <span class='ocrx_word' id='word_1_133' title='bbox 409 1628 446 1657; x_wconf 88' lang='lat' dir='ltr'>et</span> <span class='ocrx_word' id='word_1_134' title='bbox 468 1620 562 1656; x_wconf 87' lang='lat' dir='ltr'>sitim</span> <span class='ocrx_word' id='word_1_135' title='bbox 582 1619 738 1656; x_wconf 87' lang='lat' dir='ltr'>militum</span> <span class='ocrx_word' id='word_1_136' title='bbox 758 1629 975 1656; x_wconf 88' lang='lat' dir='ltr'>tentaturos.</span> <span class='ocrx_word' id='word_1_137' title='bbox 1034 1620 1133 1656; x_wconf 89' lang='lat' dir='ltr'>Dein</span> <span class='ocrx_word' id='word_1_138' title='bbox 1152 1619 1227 1668; x_wconf 83' lang='lat' dir='ltr'>ipse</span> 
     </span>
     <span class='ocr_line' id='line_1_21' title="bbox 143 1681 1223 1734; baseline -0.002 -14"><span class='ocrx_word' id='word_1_139' title='bbox 143 1698 211 1733; x_wconf 88' lang='lat' dir='ltr'>pro</span> <span class='ocrx_word' id='word_1_140' title='bbox 231 1698 268 1721; x_wconf 90' lang='lat' dir='ltr'>re</span> <span class='ocrx_word' id='word_1_141' title='bbox 287 1693 397 1734; x_wconf 90' lang='lat' dir='ltr'>atque</span> <span class='ocrx_word' id='word_1_142' title='bbox 416 1683 514 1727; x_wconf 93' lang='lat' dir='ltr'>loco,</span> <span class='ocrx_word' id='word_1_143' title='bbox 534 1684 642 1720; x_wconf 91' lang='lat' dir='ltr'>sicuti</span> <span class='ocrx_word' id='word_1_144' title='bbox 663 1692 823 1721; x_wconf 89' lang='lat' dir='ltr'>montem</span> <span class='ocrx_word' id='word_1_145' title='bbox 843 1683 1091 1727; x_wconf 85' lang='lat' dir='ltr'>descenderat,</span> <span class='ocrx_word' id='word_1_146' title='bbox 1119 1681 1223 1732; x_wconf 89' lang='lat' dir='ltr'>paul-</span> 
     </span>
     <span class='ocr_line' id='line_1_22' title="bbox 142 1748 1226 1799; baseline 0 -14"><span class='ocrx_word' id='word_1_147' title='bbox 142 1748 244 1786; x_wconf 88' lang='lat' dir='ltr'>latim</span> <span class='ocrx_word' id='word_1_148' title='bbox 259 1749 454 1799; x_wconf 89' lang='lat' dir='ltr'>procedere</span> <span class='ocrx_word' id='word_1_149' title='bbox 470 1763 478 1786; x_wconf 89' lang='lat'>:</span> <span class='ocrx_word' id='word_1_150' title='bbox 503 1748 662 1785; x_wconf 89' lang='lat' dir='ltr'>Marium</span> <span class='ocrx_word' id='word_1_151' title='bbox 677 1758 761 1798; x_wconf 92' lang='lat' dir='ltr'>post</span> <span class='ocrx_word' id='word_1_152' title='bbox 777 1749 954 1799; x_wconf 81' lang='lat' dir='ltr'>principia</span> <span class='ocrx_word' id='word_1_153' title='bbox 971 1749 1102 1786; x_wconf 90' lang='lat' dir='ltr'>habere</span> <span class='ocrx_word' id='word_1_154' title='bbox 1119 1763 1127 1786; x_wconf 89' lang='lat'><strong>:</strong></span> <span class='ocrx_word' id='word_1_155' title='bbox 1151 1749 1226 1798; x_wconf 83' lang='lat' dir='ltr'>ipse</span> 
     </span>
     <span class='ocr_line' id='line_1_23' title="bbox 144 1812 1223 1864; baseline 0 -14"><span class='ocrx_word' id='word_1_156' title='bbox 144 1827 228 1850; x_wconf 90' lang='lat' dir='ltr'>cum</span> <span class='ocrx_word' id='word_1_157' title='bbox 261 1813 423 1850; x_wconf 85' lang='lat' dir='ltr'>sinistrae</span> <span class='ocrx_word' id='word_1_158' title='bbox 457 1812 531 1849; x_wconf 89' lang='lat' dir='ltr'>alae</span> <span class='ocrx_word' id='word_1_159' title='bbox 565 1813 749 1862; x_wconf 87' lang='lat' dir='ltr'>equitibus</span> <span class='ocrx_word' id='word_1_160' title='bbox 785 1828 875 1857; x_wconf 84' lang='lat' dir='ltr'>esse,</span> <span class='ocrx_word' id='word_1_161' title='bbox 914 1814 976 1863; x_wconf 93' lang='lat' dir='ltr'>qui</span> <span class='ocrx_word' id='word_1_162' title='bbox 1010 1814 1044 1850; x_wconf 92' lang='lat' dir='ltr'>in</span> <span class='ocrx_word' id='word_1_163' title='bbox 1078 1814 1223 1864; x_wconf 87' lang='lat' dir='ltr'>agmine</span> 
     </span>
     <span class='ocr_line' id='line_1_24' title="bbox 143 1877 1225 1929; baseline -0.001 -15"><span class='ocrx_word' id='word_1_164' title='bbox 143 1877 326 1928; x_wconf 90' lang='lat' dir='ltr'>principes</span> <span class='ocrx_word' id='word_1_165' title='bbox 345 1877 434 1914; x_wconf 91' lang='lat' dir='ltr'>facti</span> <span class='ocrx_word' id='word_1_166' title='bbox 454 1886 568 1914; x_wconf 89' lang='lat' dir='ltr'>erant.</span> <span class='ocrx_word' id='word_1_167' title='bbox 627 1877 687 1914; x_wconf 86' lang='lat' dir='ltr'>At</span> <span class='ocrx_word' id='word_1_168' title='bbox 706 1878 907 1929; x_wconf 84' lang='lat' dir='ltr'>Jugurtha,</span> <span class='ocrx_word' id='word_1_169' title='bbox 937 1878 998 1914; x_wconf 90' lang='lat' dir='ltr'>ubi</span> <span class='ocrx_word' id='word_1_170' title='bbox 1018 1886 1225 1914; x_wconf 88' lang='lat' dir='ltr'>extremum</span> 
     </span>
     <span class='ocr_line' id='line_1_25' title="bbox 144 1941 1225 1994; baseline -0.001 -14"><span class='ocrx_word' id='word_1_171' title='bbox 144 1956 273 1994; x_wconf 89' lang='lat' dir='ltr'>agmen</span> <span class='ocrx_word' id='word_1_172' title='bbox 310 1941 454 1980; x_wconf 87' lang='lat' dir='ltr'>Metelli</span> <span class='ocrx_word' id='word_1_173' title='bbox 489 1942 624 1991; x_wconf 89' lang='lat' dir='ltr'>primos</span> <span class='ocrx_word' id='word_1_174' title='bbox 657 1955 740 1978; x_wconf 88' lang='lat' dir='ltr'>suos</span> <span class='ocrx_word' id='word_1_175' title='bbox 774 1951 1082 1993; x_wconf 82' lang='lat' dir='ltr'>praetergressum</span> <span class='ocrx_word' id='word_1_176' title='bbox 1112 1941 1225 1986; x_wconf 90' lang='lat' dir='ltr'>videt,</span> 
     </span>
     <span class='ocr_line' id='line_1_26' title="bbox 143 2005 1227 2057; baseline -0.002 -13"><span class='ocrx_word' id='word_1_177' title='bbox 143 2007 322 2057; x_wconf 81' lang='lat' dir='ltr'>praesidio</span> <span class='ocrx_word' id='word_1_178' title='bbox 351 2006 453 2056; x_wconf 87' lang='lat' dir='ltr'>quasi</span> <span class='ocrx_word' id='word_1_179' title='bbox 481 2006 593 2042; x_wconf 72' lang='lat' dir='ltr'>duum</span> <span class='ocrx_word' id='word_1_180' title='bbox 622 2005 771 2042; x_wconf 89' lang='lat' dir='ltr'>millium</span> <span class='ocrx_word' id='word_1_181' title='bbox 800 2006 964 2056; x_wconf 89' lang='lat' dir='ltr'>peditum</span> <span class='ocrx_word' id='word_1_182' title='bbox 984 2014 1145 2043; x_wconf 88' lang='lat' dir='ltr'>montem</span> <span class='ocrx_word' id='word_1_183' title='bbox 1164 2020 1227 2042; x_wconf 92' lang='lat' dir='ltr'>oc-</span> 
     </span>
     <span class='ocr_line' id='line_1_27' title="bbox 143 2069 1226 2122; baseline -0.002 -14"><span class='ocrx_word' id='word_1_184' title='bbox 143 2081 270 2121; x_wconf 85' lang='lat' dir='ltr'>cupat,</span> <span class='ocrx_word' id='word_1_185' title='bbox 289 2085 361 2122; x_wconf 90' lang='lat' dir='ltr'>qua</span> <span class='ocrx_word' id='word_1_186' title='bbox 390 2070 565 2109; x_wconf 87' lang='lat' dir='ltr'>Metellus</span> <span class='ocrx_word' id='word_1_187' title='bbox 592 2070 827 2108; x_wconf 87' lang='lat' dir='ltr'>descenderat</span> <span class='ocrx_word' id='word_1_188' title='bbox 845 2086 855 2115; x_wconf 92' lang='lat'>;</span> <span class='ocrx_word' id='word_1_189' title='bbox 886 2084 929 2107; x_wconf 88' lang='lat' dir='ltr'>ne</span> <span class='ocrx_word' id='word_1_190' title='bbox 949 2069 1044 2107; x_wconf 88' lang='lat' dir='ltr'>forte</span> <span class='ocrx_word' id='word_1_191' title='bbox 1064 2070 1226 2107; x_wconf 86' lang='lat' dir='ltr'>cedenti-</span> 
     </span>
     <span class='ocr_line' id='line_1_28' title="bbox 145 2133 1222 2186; baseline -0.004 -12"><span class='ocrx_word' id='word_1_192' title='bbox 145 2136 213 2183; x_wconf 76' lang='lat' dir='ltr'>bus</span> <span class='ocrx_word' id='word_1_193' title='bbox 231 2135 442 2174; x_wconf 84' lang='lat' dir='ltr'>advorsariis</span> <span class='ocrx_word' id='word_1_194' title='bbox 461 2135 639 2186; x_wconf 88' lang='lat' dir='ltr'>receptui,</span> <span class='ocrx_word' id='word_1_195' title='bbox 664 2148 706 2172; x_wconf 90' lang='lat' dir='ltr'>ac</span> <span class='ocrx_word' id='word_1_196' title='bbox 726 2143 811 2185; x_wconf 91' lang='lat' dir='ltr'>post</span> <span class='ocrx_word' id='word_1_197' title='bbox 832 2134 1069 2184; x_wconf 63' lang='lat' dir='ltr'>munimento,</span> <span class='ocrx_word' id='word_1_198' title='bbox 1099 2133 1193 2171; x_wconf 86' lang='lat' dir='ltr'>foret</span> <span class='ocrx_word' id='word_1_199' title='bbox 1211 2147 1222 2178; x_wconf 62' lang='grc' dir='ltr'><strong>ς</strong></span> 
     </span>
    </p>
   </div>
  </div>
 </body>
</html>
