1497 2689
235 314 309 348 180
393 307 707 347 SALLUSTII
738 308 1127 350 FRAGMENTA.

231 423 265 459 in
286 420 417 459 scelere
437 430 547 471 atque
566 420 717 470 perfidia
745 423 804 467 sit,
833 437 949 475 neque
982 437 1018 461 se
1050 422 1154 460 aliter
1182 430 1307 460 tutum

230 494 351 537 putet,
380 499 489 535 quam
509 484 536 522 si
556 487 657 536 pejor
676 494 787 536 atque
806 486 1046 525 intestabilior
1064 496 1165 525 metu
1184 496 1306 524 vestro

231 549 355 595 fuerit,
384 563 457 600 quo
477 549 629 599 captivis
648 549 825 588 libertatis
844 565 968 588 curam
987 552 1125 589 miseria
1147 551 1308 602 eximat)

233 624 310 660 aut,
331 616 358 653 si
379 614 621 665 provideritis,
640 614 676 651 in
696 615 857 652 tutandis
870 615 1036 665 periculis
1056 616 1186 668 magis,
1200 628 1309 667 quam

232 679 268 716 in
297 679 518 723 ulciscendo,
552 678 755 716 teneamini.
834 679 1016 718 Satellites
1045 680 1190 730 quidem
1216 682 1308 732 ejus,

234 744 398 781 homines
418 742 577 780 maxumi
595 743 761 788 nominis,
790 758 861 781 non
882 744 998 782 minus
1017 745 1178 795 optumis
1202 746 1312 795 majo-

235 822 316 846 rum
335 807 523 857 exemplis,
555 821 694 857 nequeo
719 808 804 845 satis
837 809 967 854 mirari,
996 808 1252 846 dominationis
1276 808 1312 844 in

235 887 299 911 vos
319 872 504 911 servitium
524 886 629 909 suum
659 873 861 910 mercedem
893 873 1009 919 dant;
1051 883 1089 911 et
1118 882 1315 922 utrumque

235 952 302 989 per
316 937 481 989 injuriam
495 936 648 981 malunt,
669 951 778 987 quam
793 946 949 988 optumo
959 941 1039 990 jure
1051 937 1162 975 libere
1176 950 1284 988 agere
1300 950 1312 973 z

236 1001 418 1054 praeclara
440 1002 640 1039 Brutorum
660 1010 770 1052 atque
794 1002 1040 1040 Aemiliorum
1071 1011 1110 1040 et
1141 1001 1316 1039 Lutatio-

236 1082 316 1104 rum
335 1066 468 1118 proles,
499 1066 613 1118 geniti
632 1066 677 1103 ad
696 1080 750 1110 ea,
771 1081 863 1116 quae
882 1069 1033 1120 majores
1052 1066 1187 1104 virtute
1206 1079 1316 1116 pepe-

237 1146 328 1176 rere,
371 1131 631 1168 subvertunda.
694 1130 790 1168 Nam
819 1131 907 1181 quid
935 1145 955 1168 a
984 1131 1141 1182 Pyrrho,
1171 1129 1317 1168 Hanni·

236 1197 331 1241 bale,
362 1196 622 1247 Philippoque,
641 1203 678 1232 et
698 1194 908 1239 Antiocho,
929 1194 1115 1232 defensum
1133 1203 1189 1231 est
1203 1193 1316 1238 aliud,

238 1274 347 1312 quam
366 1260 527 1304 libertas,
556 1269 593 1296 et
627 1273 710 1296 suae
729 1259 861 1309 cuique
881 1259 1011 1305 sedes;
1052 1273 1122 1296 neu
1150 1259 1222 1302 cui,
1251 1257 1318 1295 nisi

235 1327 394 1378 legibus,
424 1338 626 1376 pareremus
644 1324 657 1362 ?
685 1337 775 1373 quae
795 1333 929 1361 cuncta
943 1337 1066 1361 saevus
1086 1323 1153 1360 iste
1177 1322 1318 1360 Romu-

238 1391 308 1435 lus,
337 1390 439 1440 quasi
457 1391 502 1427 ab
523 1389 681 1426 externis
707 1396 825 1437 rapta,
854 1396 955 1424 tenet
973 1403 983 1432 ;
1012 1401 1083 1423 non
1103 1395 1162 1423 tot
1181 1386 1318 1423 exerci-

239 1466 346 1493 tuum
366 1455 482 1498 clade,
515 1467 632 1503 neque
666 1452 836 1496 consulis,
865 1461 902 1489 et
935 1451 1085 1488 aliorum
1114 1451 1319 1501 principum

239 1533 333 1570 quos
353 1518 500 1556 fortuna
517 1517 603 1554 belli
636 1525 923 1566 consumpserat,
952 1516 1128 1561 satiatus;
1158 1516 1221 1552 sed
1239 1524 1319 1552 tum

242 1582 435 1626 crudelior,
465 1595 548 1619 cum
567 1581 761 1631 plerosque
781 1580 958 1617 secundae
977 1594 1032 1617 res
1054 1580 1089 1616 in
1122 1579 1320 1616 miseratio·
1371 1604 1381 1611 ·

247 1662 328 1686 nem
348 1662 392 1685 ex
412 1647 462 1683 ira
482 1655 641 1683 vertunt.
711 1644 811 1694 Quin
840 1644 936 1681 solus
955 1645 1114 1681 omnium
1142 1652 1228 1694 post
1246 1657 1320 1681 me-

242 1713 393 1750 moriam
413 1712 601 1748 hominum
630 1708 807 1760 supplicia
825 1708 861 1744 in
889 1718 974 1759 post
1002 1708 1146 1745 futuros
1170 1722 1321 1758 compo-

244 1779 316 1816 suit
334 1793 344 1823 3
366 1779 448 1828 quis
468 1776 566 1826 prius
581 1774 720 1826 injuria,
741 1787 849 1824 quam
868 1773 952 1817 vita,
981 1782 1079 1810 certa
1098 1782 1191 1810 esset
1209 1787 1218 1810 ς
1240 1786 1321 1822 pra-

242 1844 469 1893 vissumeque
490 1855 554 1891 per
574 1839 715 1877 sceleris
730 1838 990 1875 immanitatem
1005 1837 1124 1874 adhuc
1144 1845 1248 1874 tutus
1263 1836 1322 1873 fu-

242 1908 318 1953 rit;
348 1908 435 1944 dum
455 1920 531 1949 vos,
561 1913 660 1941 metu
695 1903 869 1953 gravioris
897 1902 1045 1946 servitii,
1074 1915 1094 1938 a
1121 1901 1323 1951 repetunda

242 1972 411 2009 libertate
439 1968 632 2008 terremini.
689 1966 897 2018 Agendum
924 1975 1034 2017 atque
1061 1965 1203 2002 obviam
1235 1979 1324 2002 eun-

244 2038 333 2075 dum
351 2046 419 2080 est,
449 2035 626 2086 Quirites,
646 2047 691 2071 ne
707 2031 823 2082 spolia
842 2041 959 2069 vestra
977 2045 1087 2081 penes
1100 2029 1202 2068 illum
1221 2030 1291 2067 sint
1310 2046 1320 2075 ;

246 2117 317 2140 non
337 2100 606 2152 prolatandum,
634 2111 752 2149 neque
771 2096 864 2134 votis
892 2097 1050 2146 paranda
1069 2095 1200 2133 auxilia
1218 2110 1227 2132 :
1258 2094 1323 2132 nisi

246 2166 341 2205 forte
361 2165 525 2217 speratis,
553 2177 619 2215 per
650 2162 810 2201 taedium
825 2163 899 2214 jam
919 2171 981 2200 aut
1001 2161 1178 2213 pudorem
1198 2169 1324 2212 tyran-
