1497 2689
253 303 328 338 152
444 298 757 337 SALLUSTII
787 298 1129 337 JUGURTHA.

250 412 317 448 bus
336 411 513 461 expeditis
533 412 578 447 ad
597 411 772 460 oppidum
795 411 913 453 Laris,
944 410 1003 446 ubi
1033 407 1250 459 stipendium
1279 417 1318 445 ct

251 484 490 512 commeatum
508 474 702 517 locaverat,
729 474 779 510 ire
792 475 898 525 jubet
916 489 926 518 ;
957 488 993 510 se
1021 471 1318 522 praedabundum

251 550 335 590 post
355 533 488 590 paucos
509 541 582 577 dies
601 540 727 577 eodem
747 549 948 576 venturum.
1008 540 1068 577 Sic
1089 540 1234 588 incepto
1254 551 1322 575 suo

251 605 412 649 occulto,
441 605 561 656 pergit
581 605 626 641 ad
646 604 776 641 flumen
792 604 946 641 Tanam.

306 734 419 771 XCI.
477 733 690 771 CETERUM
713 734 747 769 in
768 733 893 769 itinere
909 732 1072 782 quotidie
1092 746 1203 782 pecus
1221 746 1323 770 exer—

252 798 340 835 citui
374 812 437 848 per
468 798 659 841 centurias,
688 798 775 834 item
804 806 952 840 turmas,
981 796 1176 846 aequaliter
1204 796 1324 834 distri-

252 853 393 905 buerat,
413 872 463 905 et,
482 876 526 898 ex
542 861 647 898 coriis
663 870 760 898 utres
780 861 834 897 uti
850 861 990 903 fierent,
1011 861 1159 897 curabat
1178 875 1186 897 ε
1218 859 1326 896 εἰηωῙ·

251 936 288 962 et
307 927 464 975 inopiam
482 925 653 962 frumenti
672 925 793 969 lenire,
821 934 872 969 et,
901 925 1033 975 ignaris
1053 926 1232 969 omnibus,
1261 938 1326 975 pa-

253 1004 342 1034 rare,
371 1004 461 1039 quae
481 1004 565 1026 mox
595 991 675 1026 usui
708 989 840 1027 forent.
909 990 1080 1039 Denique
1114 999 1217 1026 sexto
1250 990 1328 1034 die,

253 1068 335 1090 cum
355 1055 399 1090 ad
420 1054 551 1090 flumen
570 1064 717 1090 ventum
735 1062 804 1097 est,
832 1067 1000 1090 maxuma
1022 1054 1072 1090 vis
1107 1053 1239 1091 utrium
1272 1052 1325 1090 ef-

253 1118 361 1155 fecta.
420 1118 477 1154 Ibi
497 1118 622 1154 castris
640 1117 708 1154 levi
724 1118 946 1155 munimento
961 1119 1103 1167 positis,
1123 1118 1252 1155 milites
1273 1119 1324 1155 ci-

254 1184 339 1219 bum
360 1196 500 1231 capere,
521 1191 643 1231 atque,
669 1181 722 1218 uti
743 1181 846 1218 simul
865 1195 948 1218 cum
969 1196 1098 1218 occasu
1120 1182 1202 1219 solis
1221 1196 1327 1233 egre·

254 1247 435 1289 derentur,
464 1254 610 1294 paratos
635 1259 724 1288 esse,
752 1246 886 1296 jubet3
915 1245 1081 1282 omnibus
1102 1246 1245 1283 sarcinis
1265 1247 1326 1282 ab·

249 1310 369 1362 jectis,
397 1323 489 1359 aqua
508 1309 617 1346 modo
638 1323 747 1359 seque
762 1320 798 1346 et
814 1311 974 1360 jumenta
993 1324 1152 1347 onerare.
1210 1311 1325 1354 Dein,

254 1384 449 1424 postquam
468 1384 611 1423 tempus
631 1374 757 1417 visum,
787 1375 911 1410 castris
931 1374 1128 1424 egreditur,
1162 1384 1326 1412 noctem-

256 1452 325 1487 que
344 1447 461 1474 totam
480 1437 604 1474 itinere
638 1437 751 1481 facto,
790 1437 952 1473 consedit
971 1452 979 1474 :
1023 1438 1118 1474 idem
1149 1451 1328 1487 proxuma

255 1502 369 1539 facit:
401 1501 480 1538 dein
500 1501 621 1544 tertia,
650 1499 766 1537 multo
786 1509 867 1537 ante
886 1500 976 1537 lucis
1009 1501 1216 1545 adventum,
1244 1516 1328 1552 per-

256 1568 353 1604 venit
372 1567 406 1603 in
425 1566 546 1603 locum
571 1564 808 1608 tumulosum,
837 1565 882 1601 ab
916 1564 1035 1614 Capsa
1069 1579 1140 1601 non
1174 1566 1327 1615 amplius

255 1632 367 1668 duum
387 1630 536 1667 millium
568 1628 782 1673 intervall03
810 1629 946 1679 ibique,
975 1638 1083 1679 quam
1115 1629 1329 1667 occultissu-

256 1710 313 1733 me
333 1704 470 1744 potest,
498 1707 582 1731 cum
600 1693 766 1730 omnibus
785 1693 900 1742 copiis
918 1692 1120 1742 opperitur.
1180 1693 1266 1737 Sed,
1286 1707 1330 1730 u-

257 1760 293 1797 bi
314 1760 389 1796 dies
409 1759 545 1808 coepit,
573 1767 611 1795 et
632 1756 825 1800 Numidae,
855 1756 942 1793 nihil
961 1757 1094 1794 hostile
1113 1766 1329 1802 metuentes,

257 1823 362 1860 multi
381 1823 520 1872 oppido
539 1821 672 1873 egressi
690 1836 700 1866 3
730 1829 877 1870 repente
891 1834 1034 1857 omnem
1053 1821 1272 1870 equitatum,
1290 1829 1329 1859 et

259 1901 342 1924 cum
361 1887 416 1923 his
436 1886 689 1923 velocissumos
708 1884 862 1934 pedites,
882 1898 989 1921 cursu
1004 1885 1151 1922 tendere
1165 1886 1212 1922 ad
1231 1885 1330 1935 Cap-

261 1966 348 1996 sam,
376 1960 413 1989 et
428 1960 551 2001 portas
571 1950 748 1993 obsidere,
768 1949 873 2000 jubet
891 1963 900 1986 ε
930 1948 1058 1985 deinde
1076 1948 1152 1998 ipse
1170 1948 1330 1986 intentus

261 2029 413 2065 propere
431 2016 546 2065 sequi,
573 2028 690 2064 neque
709 2011 838 2049 milites
857 2012 1020 2062 praedari
1039 2012 1162 2049 sinere.
1223 2014 1330 2063 Quae

261 2089 456 2129 postquam
475 2079 647 2129 oppidani
666 2090 868 2128 cognovere
886 2092 896 2121 3
925 2089 979 2113 res
1010 2076 1186 2125 trepidae,
1213 2085 1340 2114 metus·

264 2144 402 2196 ingens,
431 2143 563 2181 malum
580 2142 827 2193 improvisum,
855 2141 901 2178 ad
920 2142 991 2179 hoc
1010 2154 1091 2191 pars
1119 2141 1250 2179 civium
1268 2151 1339 2179 exi
