1497 2689
203 295 256 334 70
402 292 718 331 SALLUSTII
746 291 1087 332 JUGURTHA.

202 414 308 442 antea
325 404 594 456 ignobilitatem
612 405 818 455 Jugurthae
844 405 950 455 [quia
962 413 1125 441 materno
1145 414 1275 453 genere

201 469 320 519 impar
337 472 438 518 erat]
462 468 676 518 despicienS,
695 468 823 505 dextra
848 467 1102 506 Adherbalem
1121 465 1278 508 adsedit,

202 548 247 571 ne
266 534 404 570 medius
435 548 481 570 ex
513 534 646 576 tribus,
674 534 774 582 quod
807 534 904 583 apud
937 532 1116 571 Numidas
1149 528 1279 567 honori

203 598 364 641 ducitur,
391 598 579 649 Jugurtha
610 597 720 634 foret.
777 597 876 636 Dein
906 606 1042 641 tamen,
1084 596 1137 633 uti
1171 594 1281 631 aetati

203 664 436 707 concederet,
462 663 641 713 fatigatus
660 676 682 698 a
700 660 824 706 fratre,
845 662 902 698 vix
917 662 952 698 in
972 670 1114 711 partem
1133 659 1283 696 alteram

203 729 440 768 transductus
457 736 527 764 est.
585 727 659 769 Ibi,
678 740 762 762 cum
790 726 905 761 multa
924 726 967 761 de
1000 722 1284 761 administrando

205 794 359 843 imperio
391 793 619 835 dissererent,
646 789 835 840 ,Iugurtha
853 789 947 825 inter
979 788 1064 825 alias
1093 802 1148 824 res
1178 787 1281 838 jacit,

205 868 375 908 oportere
420 854 655 905 quinquennii
696 853 862 903 consulta
903 852 1023 892 omnia
1062 861 1100 892 et
1138 852 1285 891 decreta

205 922 384 966 rescindi3
413 934 495 956 nam
525 933 592 969 per
630 932 673 955 ea
710 927 889 967 tempora,
928 916 1140 954 confectum
1172 904 1285 960 anxiis,

207 987 404 1035 Micipsam
422 998 550 1034 parum
576 982 695 1019 animo
714 981 876 1019 valuisse.
933 981 1048 1025 Tum,
1075 979 1183 1024 idem,
1213 979 1288 1016 Hi-

206 1050 357 1100 empsal,
385 1049 526 1099 placere
560 1047 641 1090 sibi,
671 1046 885 1096 respondit3
928 1059 1009 1082 nam
1039 1045 1156 1095 ipsum
1185 1043 1287 1080 illum

207 1115 327 1152 tribus
345 1114 402 1150 his
421 1111 608 1163 proxumis
633 1111 778 1161 [annis]
811 1110 1046 1160 adoptatione
1078 1109 1114 1145 in
1135 1122 1287 1160 regnum

208 1178 425 1229 pervenisse.
469 1175 584 1226 Quod
598 1176 748 1211 verbum
767 1175 802 1211 in
817 1183 948 1223 pectus
967 1173 1173 1224 ,Iugurthae
1206 1172 1288 1209 alti-

208 1259 264 1288 us,
284 1257 393 1293 quam
413 1242 605 1292 quisquam
623 1249 737 1283 ratus,
766 1239 967 1276 descendit.
1027 1238 1160 1287 Itaque
1178 1251 1223 1273 ex
1243 1250 1287 1273 eo

209 1318 389 1358 tempore,
416 1307 468 1342 ira
486 1315 523 1342 et
542 1313 643 1342 metu
674 1304 814 1347 anxius,
848 1303 979 1347 moliri,
1008 1316 1147 1352 parare,
1176 1310 1288 1351 atque

210 1387 252 1415 ea
269 1372 380 1409 modo
399 1371 519 1407 animo
537 1370 684 1412 habere,
712 1368 845 1417 quibus
862 1366 1058 1416 Hiempsal
1076 1380 1142 1416 per
1160 1366 1287 1402 dolum

210 1446 414 1488 caperetur.
471 1436 579 1484 Quae
593 1433 656 1473 ubi
671 1433 808 1471 tardius
823 1433 1042 1482 procedunt,
1063 1446 1180 1481 neque
1199 1431 1290 1469 leni·

212 1513 273 1540 tur
304 1501 443 1538 animus
476 1498 599 1542 feroit,
640 1497 767 1535 statuit
800 1497 926 1547 quovis
960 1497 1069 1533 modo
1102 1496 1290 1547 inceptum

215 1567 401 1617 perficere.

269 1697 370 1734 XII.
403 1696 545 1732 Panno
567 1700 762 1736 conventu,
791 1706 899 1742 quem
919 1693 964 1730 ab
984 1692 1119 1743 regulis
1150 1691 1291 1729 factum

217 1775 325 1811 supra
344 1757 552 1801 memoravi,
580 1766 730 1807 propter
758 1757 1014 1794 dissensionem
1033 1755 1219 1806 placuerat
1238 1757 1294 1793 di-

218 1826 291 1862 vidi
323 1825 527 1866 thesauros,
555 1822 709 1871 finisque
741 1821 880 1871 imperii
913 1821 1063 1873 singulis
1101 1821 1290 1859 constitui.

220 1891 354 1938 Itaque
371 1897 518 1936 tempus
536 1886 582 1922 ad
600 1894 790 1935 utramque
810 1900 884 1922 rem
899 1885 1118 1930 decernitur,
1139 1886 1202 1922 sed
1217 1899 1293 1922 ma-

219 1954 336 1991 turius
354 1952 401 1989 ad
417 1950 608 2001 pecuniam
627 1950 923 1987 distribuendam.
997 1949 1133 2001 Reguli
1152 1950 1291 1987 interea

221 2019 256 2055 in
289 2017 370 2053 loca
396 2015 602 2065 propinqua
623 2014 812 2057 thesauris,
837 2014 927 2051 alius
955 2014 1037 2058 alio,
1065 2028 1288 2051 concessere.

225 2082 300 2120 Sed
323 2079 518 2129 Hiempsal
535 2080 570 2115 in
590 2078 729 2128 oppido
749 2078 942 2116 Thirmida
970 2078 1065 2115 forte
1084 2081 1160 2130 ejus
1179 2078 1291 2115 domo

223 2147 410 2190 utebatur,
451 2144 528 2194 qui,
568 2156 770 2193 proxumus
801 2142 910 2180 lictor
938 2144 961 2182 J
966 2143 1158 2194 ugurthae‚
1192 2156 1295 2193 carus
