1451 2719
341 296 658 336 SALLUSTII
688 295 995 337 CATILINA.
1160 294 1207 336 21

133 408 221 448 eatis
238 407 443 446 fortunata:
471 408 600 446 litteris
621 409 773 449 Graecis
792 421 903 461 atque
923 409 1067 449 Latinis
1087 409 1212 455 docta,

133 473 300 526 psallere,
315 473 444 512 saltare
458 474 674 526 elegantius,
694 489 802 526 quam
817 488 959 513 necesse
979 483 1034 512 est
1054 474 1210 524 probae:

134 538 250 577 multa
275 538 356 584 alia,
385 553 478 590 quae
507 539 742 578 instrumenta
769 539 942 577 luxuriae.
1002 539 1076 577 Sed
1099 538 1131 575 ei
1153 552 1215 576 ca-

135 604 229 641 riora
262 617 404 654 semper
432 604 562 648 omnia,
601 618 708 653 quam
741 604 865 648 decus,
902 612 1013 654 atque
1038 603 1213 654 pudicitia

135 666 236 705 fuit:
267 668 440 718 pecuniae
472 682 515 704 an
543 667 658 705 famae
681 667 796 705 minus
825 676 1004 718 parceret,
1033 667 1133 704 haud
1160 666 1214 704 fa-

134 731 202 769 cile
231 732 466 770 decerneres:
496 732 622 769 lubido
651 732 700 769 sic
728 745 891 777 accensa,
921 740 962 769 ut
986 731 1127 782 saepius
1146 745 1211 782 pe·

135 805 230 835 teret
250 797 357 840 viros,
378 810 486 847 quam
505 805 702 846 peteretur.
763 796 837 834 Sed
860 810 903 834 ea
931 810 1037 846 saepe
1059 796 1214 834 antehac

135 861 245 899 fidem
271 861 495 912 prodiderat,
523 861 703 899 creditum
721 862 961 913 abjuraverat,
989 860 1108 898 caedis
1127 874 1216 898 con-

135 925 208 963 scia
234 925 368 970 fuerat,
401 925 541 962 luxuria
574 934 685 974 atque
712 926 834 976 inopia
861 939 1034 976 praeceps
1062 926 1212 964 abierat‘.

136 990 277 1027 Verum
295 984 479 1041 ingenium
498 991 573 1040 ejus
593 990 691 1027 haud
709 990 906 1027 absurdum
927 1005 936 1028 ε
967 1003 1071 1040 posse
1092 1004 1214 1027 versus

136 1053 269 1098 facere,
293 1056 417 1106 jocum
437 1067 593 1098 movere,
623 1067 783 1091 sermone
803 1054 856 1091 uti
875 1054 931 1091 vel
950 1054 1129 1099 modesto,
1157 1054 1216 1092 vel

137 1117 252 1162 molli,
285 1117 342 1155 vel
368 1117 547 1168 procaci:
586 1131 733 1167 prorsus
759 1117 896 1156 multae
927 1117 1093 1164 facetiae,
1124 1118 1216 1156 mul-

135 1191 269 1233 tusque
288 1180 390 1232 lepos
409 1181 536 1218 inerat.

191 1300 477 1359 XXVIA-Hm
511 1313 621 1351 rebus
653 1312 886 1362 comparatis,
919 1310 1076 1350 Catilina
1104 1311 1217 1349 nssiilo

135 1378 261 1416 minus
285 1377 321 1414 in
358 1390 578 1427 proxumum
604 1389 737 1413 annum
769 1375 1002 1415 consulatum
1036 1378 1215 1426 petebat;

138 1455 299 1493 sperans,
328 1441 356 1479 si
385 1441 595 1493 designatus
622 1440 733 1485 foret,
760 1440 866 1478 facile
897 1455 933 1478 se
961 1455 1006 1479 ex
1029 1440 1217 1479 voluntate

139 1506 312 1545 Antonio
340 1519 501 1543 usurum.
559 1504 691 1554 Neque
718 1504 854 1542 interea
873 1505 1016 1555 quietus
1034 1514 1126 1549 erat,
1154 1506 1217 1543 sed

138 1571 306 1609 omnibus
334 1570 450 1608 modis
477 1569 620 1607 insidias
648 1571 800 1620 parabat
829 1570 1009 1608 Ciceroni.
1125 1585 1217 1621 eque

138 1636 190 1674 illi
216 1646 336 1674 tamen
364 1636 410 1673 ad
437 1635 637 1673 cavendum
665 1634 769 1672 dolus
789 1643 851 1671 aut
871 1634 1024 1672 astutiae
1052 1636 1213 1674 deerant.

140 1701 325 1751 Namque,
347 1713 368 1737 a
387 1699 564 1751 principio
583 1698 791 1744 consulatus
811 1699 877 1744 sui,
906 1699 1020 1738 multa
1043 1700 1218 1751 pollicen-

139 1766 189 1803 do
221 1778 287 1816 per
320 1764 485 1803 Fulviam
512 1763 695 1808 effecerat,
734 1772 775 1801 ut
805 1764 856 1814 Q.
886 1764 1032 1810 Curius,
1069 1765 1114 1803 de
1142 1780 1216 1816 quo

140 1829 263 1880 paullo
282 1838 367 1867 ante
386 1829 593 1873 memoravi,
621 1828 768 1866 consilia
796 1830 974 1868 Catilinae
994 1831 1059 1868 sibi
1086 1833 1219 1881 prode-

140 1904 211 1933 ret.
266 1894 336 1932 Ad
364 1894 449 1939 hoc,
477 1892 657 1944 collegam
686 1908 789 1930 suum
814 1895 1022 1933 Antonium
1049 1897 1217 1947 pactione

141 1959 345 2010 provinciae
372 1957 594 2008 perpulerat,
628 1971 672 1995 nc
699 1967 827 1996 contra
854 1960 1111 2010 rempublicam
1140 1976 1217 1999 sen-

140 2024 254 2069 tiret;
292 2022 429 2061 circum
467 2035 503 2059 se
540 2022 716 2072 praesidia
748 2023 943 2062 amicorum
971 2034 1081 2076 atque
1108 2026 1218 2064 clien-

140 2088 234 2126 tium
255 2087 401 2126 occulte
428 2084 634 2132 habebam(
657 2087 858 2138 Postquam
886 2088 961 2127 dies
988 2090 1217 2128 comitiorum

144 2151 254 2198 venit,
269 2161 305 2190 ct
323 2151 500 2191 Catilinae
520 2164 636 2200 neque
655 2151 800 2201 petitio,
815 2167 935 2203 neque
950 2153 1108 2201 insidiae,
1128 2169 1222 2205 quas
