1497 2689
278 322 353 359 194·
435 319 749 358 SALLUSTII
780 319 1167 360 FRAGMENTA.

275 431 333 469 lib.
363 446 401 468 v.
431 441 462 468 et
488 432 539 468 vi.
574 431 716 468 Turiam
749 431 851 477 dixit,
887 435 945 484 qui
973 434 1190 471 accusativus
1216 433 1352 483 generis

278 495 452 533 masculini
469 505 530 539 est,
559 510 622 532 non
641 497 762 532 neutri.

332 558 376 595 In
403 558 550 602 fiducia,
580 572 688 608 quam
714 559 948 610 argumentis,
974 561 1202 612 purgatiores
1228 561 1351 599 dimit-

275 632 419 661 tuntur..
473 623 637 662 Donatus
668 623 813 660 Phor-m.
844 633 910 661 act.
939 625 964 661 i.
992 640 1039 662 sc.
1074 628 1110 662 3.
1165 635 1195 662 et
1214 626 1348 678 Hecyr-

274 697 342 725 act.
362 689 415 724 iv.
435 703 481 725 sc.
502 691 540 725 4.
584 688 733 731 Nonius,
763 687 912 725 Fiducia
926 697 974 725 est
987 688 1146 725 audacia.
1190 690 1345 727 Servius.

328 751 545 801 Antequam
566 765 748 802 regressus
778 751 959 789 Sertorius
980 752 1174 789 instrueret
1200 766 1347 805 pugnae

277 829 372 852 suos.
429 816 642 853 Arusianus.

330 879 417 929 Ipse
436 879 543 915 animi
562 888 680 916 atrox.
740 879 849 918 Idem.

329 943 456 993 Copiis
476 943 631 993 integra.
691 943 799 981 Idem.

330 1007 475 1044 Eodem
505 1020 597 1044 anno
627 1007 662 1043 in
693 1006 913 1044 Macedonia
941 1007 987 1045 C.
1012 1007 1141 1053 Curio,
1170 1007 1350 1059 principio

278 1070 366 1108 veris
386 1084 470 1108 cum
489 1070 652 1108 exercitu
681 1070 870 1121 profectus
890 1072 925 1108 in
952 1072 1190 1117 Dardaniam,
1218 1072 1351 1122 quibus

276 1134 401 1185 potuit
419 1134 551 1179 modis,
571 1134 687 1171 dictas
705 1135 876 1184 pecunias
891 1135 1029 1187 coe'git.
1074 1137 1224 1182 Nonius,
1243 1136 1353 1174 dicere

276 1208 324 1237 est
336 1200 549 1251 promittere.

329 1262 437 1306 Post,
455 1262 519 1299 ubi
538 1261 572 1298 in
593 1261 726 1298 fiducia
746 1261 886 1299 nimius.
943 1262 1156 1300 Arusianus.

329 1327 404 1364 Sed
422 1326 490 1375 ipsi
509 1324 644 1370 ferunt,
663 1334 808 1363 taurum
823 1340 868 1363 ex
883 1340 1010 1377 grege,
1029 1341 1136 1377 quem
1155 1342 1270 1378 prope
1289 1328 1351 1366 lit-

277 1400 359 1428 tora
373 1390 537 1440 regebat‚
558 1389 673 1426 Corsa
687 1388 843 1433 nomine,
860 1389 982 1440 Ligus
997 1376 1136 1428 mulier:
1157 1391 1276 1428 Prisc.
1291 1391 1353 1429 lib.

275 1456 328 1491 vi,

329 1519 427 1557 Nam
446 1517 635 1568 quaedam,
656 1518 772 1556 Corsa
790 1517 946 1562 nomine,
967 1517 1089 1569 Ligus
1108 1518 1249 1564 mulier,
1268 1532 1352 1556 cum

274 1592 420 1621 taurum
438 1596 483 1619 ex
504 1596 630 1633 grege,
651 1595 760 1631 quem
779 1596 895 1632 prope
909 1581 1034 1620 littora
1053 1583 1218 1633 regebat,
1236 1592 1355 1621 trans-

276 1655 399 1683 natare
419 1645 579 1690 solitum,
608 1654 718 1695 atque
754 1659 819 1695 per
850 1645 1034 1683 intervalla
1060 1660 1214 1696 corpore
1242 1659 1353 1684 aucto

275 1726 432 1749 remeare
453 1711 602 1755 videret,
628 1710 779 1759 cupiens
797 1710 887 1747 scire
905 1710 1093 1761 incognita
1114 1710 1181 1748 sibi
1200 1711 1351 1761 pabula,

275 1785 422 1814 taurum
441 1789 462 1812 a
480 1774 609 1812 ceteris
629 1775 900 1826 degredientem
920 1789 1036 1825 usque
1054 1775 1102 1812 ad
1121 1775 1273 1813 insulam
1291 1790 1355 1813 na-

274 1840 373 1892 vigio
393 1849 587 1890 prosecuta
605 1846 674 1876 est.
732 1838 846 1890 Cujus
874 1853 1038 1890 regressu
1065 1839 1200 1877 insulae
1221 1839 1353 1878 fertili-

273 1914 387 1942 tatem
419 1912 696 1955 cognoscente8‚
732 1902 891 1954 Ligures
924 1904 1060 1941 ratibus
1094 1919 1139 1942 eo
1176 1903 1349 1955 profecti,

272 1983 425 2018 eamque
445 1968 588 2005 nomine
607 1966 764 2004 mulieris
782 1968 940 2005 auctoris
959 1977 998 2005 et
1017 1968 1119 2006 ducis
1145 1969 1349 2020 appellave-

275 2042 375 2070 runt.
432 2033 601 2076 Isidorus,
620 2032 676 2069 lib.
698 2032 774 2068 xiv.
795 2040 874 2084 cap.
897 2035 935 2071 6.

327 2097 387 2135 Ne
402 2096 462 2134 illa
481 2106 586 2136 tauro
605 2104 730 2148 parata
749 2095 833 2134 sint.
880 2096 1058 2144 Donatus,
1079 2106 1147 2137 act.
1165 2099 1224 2137 iv,
1239 2113 1287 2138 sc.
1309 2100 1350 2136 ⁶2-

273 2162 447 2203 Andriae.
