1451 2719
347 291 659 331 SALLUSTH
690 292 993 332 CATILINA.
1160 292 1211 331 39

143 398 308 454 frequens
339 413 482 440 senatus
502 405 675 448 decernit,
722 404 912 456 Tarquinii
944 402 1113 440 indicium
1144 402 1212 438 fal-

143 480 220 504 sum
240 466 375 512 videri;
405 481 557 518 eumque
587 469 619 505 in
650 468 795 506 vinculis
825 467 1062 510 retinendum,
1096 480 1211 516 neque

142 529 294 580 amplius
322 540 542 580 potestatem
569 531 786 576 faciundam,
815 532 878 568 nisi
899 531 943 568 de
962 545 1005 568 eo
1024 530 1212 572 iudicaret,

142 597 244 646 cujus
277 594 425 631 consilio
451 604 588 632 tantam
617 610 691 633 rem
720 597 890 634 mentitus
918 605 1023 633 esset.
1053 638 1056 642 ¹
1097 595 1214 632 Erant

142 672 187 696 eo
216 668 394 709 tempore,
425 661 485 711 qui
515 670 768 704 aestumarent,
798 660 885 697 illud
909 674 930 697 a
959 661 1002 697 P.
1024 659 1214 696 Autronio

143 723 401 767 machinatum,
432 738 503 774 quo
523 724 674 768 facilius,
701 724 882 774 adpellato
902 724 1047 767 Crasso,
1076 737 1140 773 per
1159 737 1218 759 so-

144 787 314 824 cietatem
352 788 499 837 periculi
538 788 692 839 reliquos
728 788 821 825 illius
858 787 1022 838 potentia
1059 795 1214 838 tegeret.

146 851 227 888 Alii
256 851 498 902 Tarquinium
526 866 546 888 a
571 853 747 890 Cicerone
770 853 966 889 immissum
991 852 1145 894 aiebant,
1173 864 1217 887 nc

147 916 298 954 Crassus
331 930 429 952 more
467 931 545 959 suo,
583 926 751 966 suscepto
789 912 962 953 malorum
998 915 1218 964 patrociniO,

147 981 405 1030 rempublicam
425 982 671 1018 conturbaret.
717 982 841 1030 Ipsum
862 981 1030 1018 Crassum
1046 994 1116 1030 ego
1137 993 1221 1029 pos-

147 1054 207 1082 tea
226 1045 489 1094 praedicantem
523 1046 654 1088 audivi,
685 1055 821 1082 tantam
842 1045 936 1082 illam
966 1044 1219 1082 contumeliam

151 1109 215 1147 sibi
235 1111 281 1146 ab
310 1109 486 1147 Cicerone
506 1109 722 1159 impositam.

205 1237 365 1276 XLIX.
398 1239 478 1276 SED
500 1239 612 1276 isdem
627 1239 851 1288 temporibus
872 1240 922 1288 Q.
944 1238 1096 1276 Catulus
1116 1247 1153 1276 et
1174 1239 1219 1277 C.

153 1301 251 1346 Piso,
283 1316 399 1354 neque
427 1303 556 1354 gratia,
589 1317 704 1355 neque
732 1303 912 1353 precibus,
950 1317 1064 1354 neque
1092 1303 1222 1353 pretio,

151 1366 369 1404 Ciceronem
397 1367 578 1417 impellere
607 1376 770 1417 potuere,
804 1367 858 1404 uti
889 1381 954 1417 per
981 1366 1223 1419 Allobroges,

151 1441 214 1470 aut
249 1431 355 1468 alium
388 1432 555 1476 indicem,
594 1432 643 1469 C.
677 1433 810 1470 Caesar
841 1433 931 1469 salso
969 1432 1222 1469 nominaretur.

153 1497 250 1535 Nam
270 1505 422 1547 uterque
440 1510 525 1533 cum
544 1495 612 1549 illo·
625 1497 741 1547 gravis
760 1496 960 1534 inimicitias
980 1497 1195 1534 exercebant
1213 1511 1224 1541 ;

155 1562 255 1605 Piso,
273 1561 508 1612 obpugnatus
541 1561 728 1612 injudicio
761 1562 1042 1610 repetundarum
1074 1569 1227 1615 propter

153 1625 339 1677 cujusdam
352 1625 601 1674 Transpadani
614 1625 829 1674 supplicium
845 1625 1015 1677 injustum
1028 1640 1045 1670 3>
1060 1619 1228 1667 Catulus,

154 1704 199 1727 ex
224 1690 399 1740 petitione
433 1689 667 1739 pontificatus
686 1689 770 1725 odio
790 1689 975 1733 incensus,
992 1689 1090 1740 quod
1109 1698 1229 1727 extre-

155 1768 213 1791 ma
226 1763 359 1798 aetate,
379 1754 554 1790 maxumis
570 1753 766 1791 honoribus
783 1768 878 1797 usus,
898 1755 942 1791 ab
958 1753 1226 1790 adolescentulo

157 1819 311 1857 Caesare
346 1818 461 1855 victus
489 1818 712 1856 discesserat.
774 1819 847 1856 Res
875 1828 995 1855 autem
1022 1827 1230 1868 opportuna

156 1882 346 1920 videbatur
356 1897 367 1928 ;
390 1882 489 1933 quod
508 1881 671 1931 privatim
686 1882 832 1933 egregia
847 1882 1071 1925 liberalitate,
1087 1881 1230 1931 publice

157 1947 334 1983 maxumis
371 1946 590 1989 muneribus,
627 1946 801 1997 grandem
834 1946 1022 1995 pecuniam
1060 1945 1228 1982 debebat.
1248 1967 1253 1970 -

161 2010 248 2054 Sed,
277 2011 338 2048 ubi
366 2010 551 2048 consulem
578 2011 624 2047 ad
652 2019 796 2047 tantum
813 2009 950 2047 facinus
971 2009 1150 2060 impellere
1171 2024 1232 2046 ue-

160 2084 311 2126 queunt,
340 2075 406 2125 ipsi
426 2074 635 2126 singulatim
656 2075 926 2119 circumeundo,
954 2085 1063 2126 atque
1082 2075 1232 2112 ementi-

158 2139 271 2183 undo,
285 2153 374 2190 quae
390 2153 425 2177 se
439 2153 483 2176 cx
499 2138 707 2182 Volturcio,
720 2147 780 2176 aut
796 2139 1077 2189 Allobrogibus,
1093 2139 1230 2175 audisse
