1497 2689
264 294 334 331 170
448 290 759 330 SALLUSTII
788 291 1127 331 JUGURTHA.

312 403 468 442 CVIII.
493 404 554 439 11³1
573 417 655 439 cum
677 403 828 440 Boccho
849 403 1008 440 Numida
1023 402 1181 452 quidam,
1201 400 1330 451 Aspar

264 469 419 510 nomine,
450 466 601 503 multum
629 476 664 502 et
694 465 911 503 familiariter
944 468 1089 518 agebat,
1118 465 1330 516 praemissus

259 533 304 569 ab
337 531 534 582 Jugurffia,
568 538 760 580 postquam
797 529 932 566 Sullam
966 530 1122 567 accitum
1155 529 1330 572 audierat,

259 605 393 639 orator,
412 603 450 631 et
466 593 615 630 subdole
631 593 853 643 speculatum
876 593 1015 630 Bocchi
1037 593 1208 630 consilia:
1230 605 1333 642 prae.-

258 669 355 697 terea
372 658 512 701 Dabar,
527 656 786 708 Massugradae
802 656 908 700 filius,
921 671 964 693 ex
979 665 1087 707 gente
1104 655 1332 698 Masinissae,

258 731 418 758 ceterum
448 730 608 758 materno
638 735 767 771 genere
791 720 905 770 impar
923 736 940 770 ;>
963 730 1067 770 pater
1085 723 1160 770 eJus
1179 734 1225 756 ex
1247 733 1333 757 con-

259 786 388 823 cubina
407 794 508 821 ortus
527 793 601 821 erat
618 800 628 828 ;
658 783 790 821 Mauro
811 785 858 820 ob
878 784 1012 834 ingenii
1029 783 1141 820 multa
1160 784 1255 820 bona
1274 796 1332 819 ca-.

260 862 318 886 rus
348 857 591 898 acceptusque
609 862 618 884 z
659 861 766 896 quem
793 847 975 891 Bocchus,
1010 847 1123 883 fidum
1160 846 1333 883 Romanis

260 912 381 950 multis
397 921 500 948 antea
516 911 794 960 tempestatibus
808 920 994 961 expertus,
1014 911 1110 948 illico
1128 911 1173 947 ad
1196 910 1334 948 Sullam

259 977 467 1012 nunciatum
488 975 617 1018 mittit,
647 984 812 1024 paratum
846 989 920 1012 sese
941 975 1071 1018 facere,
1101 989 1192 1025 quae
1216 988 1336 1024 popu·

257 1040 313 1077 lus
337 1040 522 1076 Romanus
543 1038 647 1075 vellet
667 1053 676 1075 ε
708 1038 892 1088 colloquio
907 1039 1015 1083 diem,
1035 1039 1173 1083 locum,
1190 1048 1334 1088 tempus

255 1105 333 1154 ipse
353 1103 529 1154 dilegeret
549 1118 558 1140 :
589 1102 753 1139 consulta
773 1116 847 1139 sese
867 1104 984 1140 omnia
1011 1118 1093 1141 curn
1113 1102 1174 1140 illo
1193 1103 1335 1154 integra

258 1168 389 1205 habere
408 1182 416 1205 :
448 1181 517 1203 neu
537 1166 743 1217 Jugurthae
762 1165 925 1216 legatum
954 1168 1239 1216 pertimesceret,
1261 1180 1334 1216 quo

260 1247 314 1269 res
334 1231 534 1269 communis
549 1230 715 1267 licentius
731 1239 935 1280 gereretur3
957 1244 1036 1266 nam
1051 1230 1096 1267 ab
1111 1230 1245 1266 insidiis
1259 1232 1334 1281 ejus

259 1296 362 1333 aliter
380 1295 495 1333 caveri
519 1294 728 1344 nequivisse.
789 1295 860 1332 Sed
889 1309 959 1345 ego
989 1295 1206 1344 comperior,
1238 1294 1336 1331 Boc-

260 1360 370 1397 chum
385 1359 499 1410 magis
521 1358 658 1396 Punica
679 1358 762 1401 fide,
783 1372 891 1407 quam
910 1359 958 1395 ob
979 1372 1070 1408 quae
1089 1358 1335 1407 praedicabat,

258 1424 360 1461 simul
397 1423 581 1460 Romanos
612 1431 648 1459 et
679 1422 875 1459 Numidam
907 1435 968 1471 spe
996 1422 1095 1471 pacis
1123 1420 1331 1465 adtinuisse,

264 1487 492 1536 multumque
521 1500 603 1524 cum
626 1486 744 1527 animo
764 1499 829 1521 suo
849 1484 989 1522 volvere
1011 1484 1170 1528 solitum,
1198 1485 1337 1535 Jugur-

263 1553 363 1589 tham
387 1551 575 1593 Romanis,
605 1563 647 1585 an
667 1549 715 1585 illi
742 1548 892 1592 Sullam,
921 1549 1107 1587 traderet:
1137 1548 1336 1587 lubidinem

262 1616 453 1652 advorsum
473 1628 551 1658 nos,
581 1622 717 1650 metum
745 1627 811 1663 pro
832 1613 933 1651 nobis
960 1612 1120 1650 suasisse.

312 1745 424 1782 CIX.
458 1744 618 1781 Icissun
644 1742 767 1780 Sulla:
798 1757 913 1793 pauca
929 1757 1050 1780 coram
1069 1742 1217 1793 Aspare
1235 1741 1336 1784 locu-.

259 1819 382 1846 turum
401 1824 410 1853 3
441 1817 561 1845 cetera
579 1807 737 1851 occulte,
771 1817 832 1844 aut
853 1807 950 1844 nullo
980 1817 1040 1845 aut
1062 1821 1170 1857 quam
1189 1807 1336 1856 paucis-

259 1873 366 1909 sumis
386 1871 633 1921 praesentibus
649 1886 658 1908 :
680 1870 785 1907 simul
801 1871 948 1914 edocet,
968 1885 1059 1921 quae
1077 1871 1335 1920 responderen-

258 1947 331 1975 tur.
376 1937 590 1985 Postquam,
611 1935 715 1972 sicuti
736 1935 910 1979 voluerat,
931 1935 1128 1986 congressi,
1156 1934 1260 1978 dicit,
1284 1948 1334 1978 se,

260 2002 405 2039 missum
430 2014 449 2036 a
469 2000 629 2043 consule,
655 1999 788 2036 venisse
809 2001 1012 2049 quaesitum
1040 2000 1084 2037 ab
1110 2013 1167 2042 eo,
1196 2012 1335 2048 pacem,

262 2079 305 2104 an
325 2064 473 2107 bellum,
494 2065 699 2115 agitaturus
715 2063 822 2100 foret.
881 2064 982 2101 Tum
997 2078 1072 2108 rex,
1092 2064 1146 2100 uti
1165 2076 1338 2113 praecepq

264 2139 355 2173 tum,
387 2138 472 2179 post
493 2129 587 2166 diem
613 2127 791 2165 decimum
811 2128 924 2165 redire
949 2129 1053 2179 jubet
1072 2143 1083 2173 ;
1112 2141 1166 2172 ac,
1194 2125 1281 2174 nihil
1299 2140 1335 2172 e:
