1497 2689
202 320 278 357 150
387 318 702 359 SALLUSTII
735 320 1073 361 JUGURTHA.

196 437 234 466 et
255 429 434 469 Gaetulos
453 441 490 470 et
509 433 531 470 J
535 433 743 484 ugurtham,
763 447 808 471 ex
825 434 929 471 sociis
945 436 1075 472 nostris
1096 435 1264 485 praedam

197 504 358 545 agentes,
387 511 491 547 saepe
520 498 709 547 adgressus
737 498 863 535 itinere
889 498 1045 543 fuderat,
1074 500 1265 550 ipsumque

196 573 319 610 regem
347 561 442 598 haud
472 561 600 611 procul
620 563 664 598 ab
697 562 835 611 oppido
856 562 959 600 Cirta
978 564 1081 600 armis
1099 573 1262 601 exuerat.

197 625 302 673 Quae
320 636 514 676 postquam
531 626 687 677 gloriosa
703 626 824 669 modo,
846 640 960 675 neque
979 626 1065 663 belli
1083 627 1264 676 patrandi,

196 690 383 739 cognovit,
410 690 538 727 statuit
558 690 668 733 urbis,
698 703 789 739 quae
809 690 892 726 viris
911 699 974 726 aut
993 689 1075 727 loco
1096 705 1162 740 pro
1182 691 1267 727 hos-

196 752 294 790 tibus
309 763 346 790 et
361 754 551 791 advorsum
566 769 602 791 se
617 754 954 804 opportunissumae
973 763 1087 797 erant,
1108 754 1267 804 singulas

195 816 469 856 circumvenire:
491 819 542 855 ita
557 819 780 870 jugurtham
795 826 859 854 aut
878 818 1059 867 praesidiis
1075 818 1267 862 nudatum,

197 881 225 918 si
240 896 282 918 ea
299 891 498 933 pateretur,
519 893 581 920 aut
601 883 740 932 proelio
756 891 992 919 certaturum.
1052 883 1147 919 Nam
1170 883 1268 918 Boc-

197 947 288 983 chus
317 948 466 984 nuncios
498 948 544 984 ad
576 961 659 983 eum
689 961 795 996 saepe
827 945 985 989 miserat,
1017 945 1106 982 velle
1139 944 1267 995 populi

199 1010 355 1046 Romani
382 1011 588 1055 amicitiam,
619 1025 663 1047 ne
693 1010 780 1060 quid
810 1010 854 1046 ab
881 1024 917 1046 se
947 1009 1079 1046 hostile
1106 1009 1267 1046 timeret.

199 1074 246 1110 Id
265 1074 539 1118 simulaveritne,
567 1088 640 1124 quo
669 1074 882 1123 improvisus
910 1073 1054 1124 gravius
1073 1073 1268 1117 accideret,

197 1151 241 1174 an
261 1138 462 1176 mobilitate
482 1138 616 1189 ingenii
635 1152 763 1188 pacem
778 1146 889 1188 atque
904 1137 1041 1174 bellum
1056 1148 1193 1174 mutare
1213 1150 1270 1174 so-

196 1201 295 1246 litus,
314 1216 440 1252 parurn
458 1202 700 1252 exploratum.

252 1333 495 1370 LXXXIX.
536 1333 616 1370 SED
655 1331 794 1375 consul,
827 1332 880 1368 uti
915 1340 1104 1374 statuerat,
1133 1330 1269 1380 oppida

199 1398 415 1447 castellaque
434 1397 572 1434 munita
594 1397 690 1433 adire
708 1412 718 1433 ε
748 1397 881 1446 partim
900 1396 946 1439 vi,
976 1395 1044 1431 alia
1063 1403 1176 1438 metu,
1205 1403 1269 1431 aut

196 1463 353 1513 praemia
367 1463 597 1505 ostentando,
617 1470 778 1497 avortere
793 1461 837 1496 ab
854 1460 1033 1496 hostibus.
1069 1459 1134 1495 Ac
1151 1458 1269 1508 primo

199 1528 390 1564 mediocria
418 1528 580 1578 gerebat,
607 1526 826 1562 existumans
853 1524 1076 1575 Jugurtham
1108 1525 1157 1560 ob
1183 1538 1267 1561 suos

199 1592 372 1628 tutandos
393 1591 425 1627 in
447 1605 570 1627 manus
593 1599 794 1626 venturum.
853 1589 940 1632 Sed,
968 1589 1030 1625 ubi
1059 1588 1187 1638 procul
1207 1589 1271 1625 ab·

199 1669 288 1699 esse,
317 1665 353 1692 et
381 1654 457 1691 aliis
485 1654 641 1705 negotiis
668 1654 863 1696 intentum,
889 1652 1044 1702 accepit,
1073 1654 1206 1703 majora
1233 1660 1272 1689 et

200 1733 324 1771 aspera
350 1719 500 1770 adgredi
529 1727 673 1768 tempus
702 1718 827 1754 visum.
886 1718 979 1754 Erat
998 1717 1094 1753 inter
1114 1717 1271 1768 ingentis

200 1784 409 1820 solitudines
434 1782 610 1832 oppidum
639 1795 809 1832 magnum
837 1790 946 1831 atque
966 1780 1099 1824 valens,
1127 1781 1271 1818 nomine

201 1848 335 1897 Capsa,
363 1849 464 1898 cujus
492 1846 661 1883 conditor
690 1845 871 1882 Hercules
901 1845 1022 1894 Libys
1050 1845 1273 1881 memoraba-

201 1920 274 1948 tur.
332 1912 423 1962 Ejus
443 1911 537 1947 cives
557 1910 656 1960 apud
675 1909 897 1960 Jugurtham
916 1908 1104 1951 immunes,
1124 1907 1191 1945 levi
1206 1908 1274 1944 im-

202 1975 316 2025 peri0,
344 1984 381 2012 et
409 1975 457 2011 ob
485 1988 526 2011 ea
553 1973 759 2011 fidelissumi
778 1973 1030 2010 habebantur:
1062 1971 1190 2008 muniti
1210 1972 1274 2008 ad-

203 2053 346 2076 vorsum
374 2039 487 2075 hostis
515 2053 586 2075 non
615 2038 802 2074 moenibus
831 2037 954 2081 modo,
983 2045 1020 2073 et
1040 2036 1144 2073 armis
1163 2044 1273 2084 atque

203 2103 297 2148 viris,
325 2102 441 2140 multo
461 2103 574 2153 magis
593 2102 757 2139 locorum
777 2100 981 2150 asperitate.
1039 2100 1150 2143 Nam,
1171 2113 1275 2148 prae-

204 2177 261 2205 ter
283 2167 421 2217 oppido
449 2166 667 2217 propinqua,
695 2165 762 2202 alia
781 2165 901 2201 omnia
921 2173 1032 2208 vasta,
1059 2162 1210 2206 inculta,
1236 2176 1276 2199 e-
