1497 2689
168 288 217 322 <26
371 280 686 320 SALLUSTII
716 279 1021 319 CATILINA.

171 395 240 432 alia
266 407 348 431 cum
377 394 551 438 adderet;
579 393 788 442 obstrepere
806 406 941 435 omnes,
969 391 1110 427 hostem
1130 396 1240 439 atque

170 459 381 510 parricidam
410 470 548 493 vocare.
605 455 706 492 Tum
734 455 790 492 ille
818 455 1058 492 furibundus:
1090 462 1114 479 “
1135 455 1242 504 Qum

171 524 263 560 niam
293 523 438 572 quidem
465 522 770 563 circumventus‚'’
806 519 935 569 inquit,
969 527 993 545 “
1021 520 1065 556 ab
1093 518 1241 555 inimicis

172 601 342 638 praeceps
361 600 463 637 agor,
491 580 693 622 incendium
722 597 840 620 meum
863 583 961 619 ruina
979 582 1240 633 restingua1n.'’

228 715 410 753 XXXII.
467 714 581 751 Dein
614 727 649 749 sc
677 726 720 749 ex
750 711 847 748 curia
865 711 1011 747 domum
1039 709 1240 760 proripuit:

170 780 221 817 ibi
249 779 363 816 multa
389 791 509 815 secum
538 777 612 826 ipse
632 775 802 819 volvens;
831 774 930 824 quod
958 788 1072 824 neque
1099 773 1243 810 insidiae

172 843 310 881 consuli
338 841 597 892 procedebant,
624 849 662 876 et
681 840 724 876 ab
743 838 908 875 incendio
928 837 1161 889 intellegebat
1186 845 1245 874 ur·

171 909 254 945 bem
269 906 395 958 vigiliis
415 904 600 947 munitam,
628 912 820 952 optumum
838 901 976 939 factum
994 902 1155 945 credens,
1183 916 1245 939 ex-

172 971 324 1008 ercitum
340 982 485 1021 augere,
500 982 540 1005 ac
560 967 671 1017 prius,
691 980 798 1016 quam
815 966 975 1018 legiones
993 965 1245 1009 scriberentur,

173 1044 383 1084 antecapere
403 1046 493 1083 quae
511 1031 606 1069 bello
626 1031 704 1068 usui
723 1030 843 1068 forent
865 1046 876 1075 ;
906 1039 1013 1067 nocte
1031 1029 1246 1079 intempesta

173 1114 256 1137 cum
284 1098 406 1148 paucis
434 1098 469 1133 in
498 1095 681 1134 Manliana
698 1105 816 1132 castra
841 1094 1028 1145 profectus
1046 1103 1112 1132 est.
1172 1093 1246 1132 Sed

173 1164 344 1214 Cethego
373 1172 482 1211 atque
503 1159 680 1203 Lentulo,
708 1159 906 1209 ceterisque
927 1172 1081 1209 quorum
1106 1172 1246 1210 cogno-

173 1238 271 1266 verat
303 1235 509 1277 promptam
541 1224 738 1268 audaciam,
774 1224 932 1267 mandat,
978 1223 1107 1273 quibus
1140 1223 1246 1260 rebus

173 1301 334 1343 possent,
365 1302 453 1340 opes
481 1288 646 1326 factionis
675 1287 902 1331 confirment,
934 1287 1076 1324 insidias
1106 1285 1246 1323 consuli

173 1364 366 1398 maturent,
403 1354 561 1398 caedem,
597 1352 772 1395 incendia,
809 1351 946 1401 aliaque
972 1350 1056 1388 belli
1088 1350 1247 1388 facinora

173 1429 327 1471 parent:
359 1433 433 1456 sese
462 1431 574 1467 prope
607 1416 701 1452 diem
733 1429 816 1452 cum
848 1428 980 1466 magno
1012 1415 1173 1452 exercitu
1201 1415 1247 1451 ad

174 1486 299 1522 urbem
327 1495 564 1520 accessurum.
640 1479 744 1516 Dum
772 1479 859 1515 haec
892 1479 1031 1515 Romae
1059 1486 1247 1529 geruntur,

177 1549 222 1586 C.
245 1546 403 1585 Manlius
418 1560 461 1582 ex
482 1559 546 1582 suo
566 1557 713 1580 numero
728 1542 774 1578 ad
804 1541 985 1580 Marcium
1007 1542 1149 1593 Regem
1167 1542 1249 1580 mit-

175 1613 234 1657 tit,
255 1626 338 1650 curn
356 1609 530 1648 mandatis
545 1606 793 1660 hujuscemodi
810 1622 820 1644 z

231 1739 438 1778 XXXIII.
470 1745 494 1763 ‘⁶
515 1738 635 1775 Deos
665 1735 900 1785 hominesque
924 1744 1110 1779 testamur,
1138 1736 1249 1786 impe-

178 1814 289 1848 rator,
309 1818 374 1840 nos
394 1816 490 1839 arma
507 1815 622 1851 neque
641 1809 767 1838 contra
786 1800 937 1849 patriam
955 1800 1104 1849 cepisse,
1131 1815 1246 1851 neque

177 1883 250 1920 quo
283 1866 481 1917 periculum
512 1865 648 1902 homini
679 1864 890 1907 faceremus,
922 1864 984 1901 sed
1016 1864 1069 1901 uti
1097 1879 1249 1914 corpora

179 1942 300 1970 nostra
318 1932 362 1968 ab
381 1930 506 1982 injuria
523 1939 604 1967 tuta
622 1928 741 1965 forent
757 1944 768 1974 3
797 1928 859 1978 qui
877 1928 1006 1972 miseri,
1020 1938 1181 1980 egentes,
1199 1929 1250 1966 vi-

177 1995 309 2033 olentia
336 2003 444 2043 atque
473 1992 684 2032 crudelitate
702 1991 981 2036 foeneratorum,
1009 1991 1168 2042 plerique
1186 2006 1249 2042 pa-

176 2060 276 2103 triae,
298 2059 359 2095 sed
374 2072 496 2096 omnes
511 2056 605 2093 fama
619 2065 727 2106 atque
742 2055 910 2100 fortunis,
926 2065 1091 2105 expertes
1107 2070 1244 2095 sumusz

177 2137 290 2174 neque
318 2123 485 2172 cuiquam
513 2130 675 2159 nostrum
694 2119 809 2166 licuit,
837 2134 935 2158 more
955 2122 1140 2172 majorum,
1167 2119 1248 2172 lege
