1497 2689
176 337 201 372 45
386 335 701 374 SALLUSTII
731 334 1037 374 CATILINA.

176 459 232 482 me
251 447 401 483 ambitio
421 447 512 483 mala
531 447 748 491 detinuerat,
776 449 903 484 codem
922 460 1116 498 regressus,
1136 447 1247 485 statui

175 523 230 546 res
249 520 369 561 gestas
388 511 515 560 populi
540 511 695 547 Romani
722 511 890 561 carptim,
919 522 959 547 ut
980 524 1145 560 quaeque
1175 525 1248 548 me-

174 575 287 610 moria
302 575 411 625 digna
427 575 652 618 videbantur,
674 576 892 624 perscribere
908 590 917 619 ;
938 589 981 611 eo
1002 575 1130 624 inagis,
1146 575 1247 624 quod

175 639 263 676 mihi
283 653 303 675 a
323 654 399 689 spe,
427 649 542 683 metu,
572 639 735 689 partibus
755 638 987 688 reipublicae,
1009 638 1147 675 animus
1158 638 1250 676 liber

174 713 264 741 crat.
323 704 447 755 Igitur
465 704 509 741 de
531 704 708 742 Catilinae
728 705 990 755 conjuratione,
1010 717 1118 754 quam
1142 704 1250 741 veris-

175 782 275 805 sume
296 778 439 817 potero‚
469 769 593 817 paucis
621 768 827 805 absolvam:
860 782 940 805 nam
974 769 1009 804 id
1041 768 1181 805 facinus
1213 768 1248 805 in

174 832 297 882 primis
316 846 387 882 ego
407 832 638 869 memorabile
658 833 839 868 existumo
860 832 1001 869 sceleris
1021 841 1130 881 atquc
1155 831 1251 881 peri-

174 896 246 932 culi
266 897 437 932 novitate.
473 897 536 933 De
551 898 653 947 cujus
673 896 826 933 hominis
846 897 1006 933 moribus
1021 910 1137 946 pauca
1149 897 1248 946 prius

172 962 398 1012 explananda
417 970 513 1006 sunt,
542 975 650 1011 quam
679 961 820 998 initium
840 962 1004 998 narrandi
1024 961 1166 999 faciam.

228 1092 277 1128 V.
308 1093 460 1130 chws
479 1093 689 1135 ΟΛτιιιΝΑ,
710 1091 820 1129 nobili
835 1105 966 1143 genere
982 1100 1100 1135 natuS,
1115 1103 1252 1142 magna

173 1155 207 1191 vi
226 1165 263 1192 et
283 1157 389 1193 animi
409 1166 445 1193 et
465 1156 640 1206 corporis,
671 1157 733 1193 sed
753 1155 897 1207 ingenio
921 1155 1015 1192 malo
1049 1169 1246 1205 pravoque.

175 1219 280 1257 Huic
300 1221 344 1257 ab
361 1220 600 1257 adolescentia
616 1220 710 1257 bella
724 1221 907 1265 intestina,
927 1221 1069 1264 caedes,
1090 1220 1249 1269 rapinae,

174 1284 356 1321 discordia
371 1285 496 1328 civilis,
517 1293 622 1335 grata
635 1284 755 1330 fuere;
774 1284 1135 1336 ibiquejuventutem
1151 1297 1249 1321 suam

173 1349 348 1385 exercuit.
406 1349 551 1398 Corpus
571 1349 710 1398 patiens
734 1348 885 1392 inediae,
914 1349 1068 1399 vigiliae,
1102 1347 1250 1398 algoris,

174 1427 280 1463 supra
300 1427 408 1462 quam
428 1413 559 1462 cuique
574 1412 743 1449 credibile
756 1421 809 1449 est
829 1427 838 1449 :
861 1412 998 1448 animus
1013 1412 1146 1456 audax,
1166 1412 1253 1448 sub-

174 1477 292 1520 dolus,
305 1478 435 1520 varius,
451 1479 553 1527 cujus
566 1476 615 1512 rei
627 1475 716 1512 libet
732 1476 920 1512 simulator
931 1490 973 1513 ac
986 1475 1247 1513 dissimulator:

173 1540 276 1576 alieni
296 1549 484 1590 appetens,
505 1540 558 1576 sui
571 1538 756 1589 profusus,
772 1540 898 1576 ardens
910 1540 945 1576 in
961 1539 1224 1590 cupiditatibus
1239 1554 1249 1577 ε

173 1605 260 1641 satis
279 1604 500 1654 loquenffiae,
529 1604 724 1653 sapientiae
743 1617 884 1653 parum.
942 1605 1081 1641 Vastus
1113 1604 1251 1646 animus

172 1659 421 1711 immoderata,
441 1668 675 1711 incredibilia,
694 1668 797 1704 nimis
812 1668 884 1705 alta
904 1682 1045 1718 semper
1063 1668 1249 1718 cupiebat.

175 1734 218 1771 H
224 1748 306 1777 unc,
326 1742 409 1782 post
427 1732 709 1769 dominationem
726 1732 836 1769 Lucii
854 1732 988 1777 Sullae,
1007 1732 1134 1769 lubido
1149 1746 1252 1769 max-

175 1811 257 1833 uma
270 1797 444 1834 invaserat
457 1796 676 1846 reipublicae
689 1796 908 1845 capiundae3
924 1811 1055 1846 neque,
1068 1796 1105 1832 id
1118 1796 1250 1846 quibus

175 1862 290 1898 modis
310 1862 581 1911 adsequeretur,
601 1862 687 1898 dum
708 1862 775 1899 sibi
793 1875 947 1914 regnum
961 1870 1117 1911 pararet,
1146 1861 1252 1911 quid-

175 1939 284 1975 quam
304 1926 403 1974 pensi
423 1926 592 1962 habebat.
650 1926 882 1976 Agitabatur
912 1925 1027 1976 magis
1061 1925 1251 1975 magisque

175 1990 210 2026 in
231 1990 305 2025 dies
324 1990 461 2025 animus
481 1989 582 2026 ferox
604 1990 725 2039 inopia
745 1990 794 2026 rei
813 1989 1008 2033 familiaris,
1043 1998 1081 2026 et
1111 1989 1254 2026 consci-

175 2054 271 2090 cntia
291 2053 464 2090 scelerum
483 2070 492 2099 ;
523 2068 615 2104 quae
643 2065 795 2104 utraque
828 2054 882 2091 his
915 2055 1052 2091 artibus
1086 2063 1251 2098 auxerat,

178 2132 265 2168 quas
285 2132 391 2168 supra
410 2119 615 2155 memoravi.
657 2119 868 2156 Incitabant
883 2128 1067 2168 praeterea
1086 2118 1251 2168 corrupti

177 2182 330 2224 civitatis
346 2197 475 2228 mores,
496 2197 587 2233 quos
600 2197 765 2233 pessuma
779 2197 820 2228 ac
837 2185 975 2222 diversa
989 2184 1081 2221 inter
1097 2197 1132 2221 se
1145 2183 1251 2228 mala,
