1497 2689
198 271 273 307 106
394 266 711 313 SALLUSTII
740 266 1082 309 JUGURTHA‚

199 379 357 430 peratori
386 393 479 416 novo
508 378 591 428 plus
618 393 663 416 ex
691 379 792 416 malis
820 379 980 416 moribus
1011 378 1279 423 sollicitudinis,

200 458 310 494 quam
324 458 368 480 ex
385 442 490 493 copia
502 442 656 479 militum
669 442 804 487 auxilii,
819 451 882 480 aut
896 444 970 493 spei
984 444 1113 486 bonae,
1129 442 1281 480 accede·

200 509 276 545 bat.
329 508 468 545 Statuit
488 516 607 544 tamen
629 506 816 550 Metellus,
843 521 1060 557 quamquam
1075 515 1112 543 et
1128 506 1284 543 aestivo-v

199 587 278 610 rum
298 582 442 622 tempus
462 571 692 609 comitiorum
711 585 810 607 mora
824 570 1062 615 imminuerat,
1077 580 1115 608 et
1130 584 1282 620 exspecz-

199 637 336 674 tatione
367 637 484 674 eventi
515 636 645 673 civium
665 635 802 672 animos
822 635 980 672 intentos
1008 636 1177 685 putabat,
1207 648 1279 671 non

197 701 297 752 prius
327 701 464 739 bellum
497 701 699 751 adtingere,
734 713 842 749 quam
880 702 1053 750 majorum
1091 698 1281 749 disciplina

199 765 329 802 milites
361 764 524 801 laborare
557 764 752 814 coe‘gisset.
835 764 931 801 Nam
965 763 1143 807 Albinus,
1186 762 1282 800 Auli

197 829 319 867 fratris
350 829 604 878 exercitusque
634 828 736 865 clade
767 828 969 877 perculsus,
1000 839 1195 879 postquam
1219 828 1281 866 de-

198 902 360 930 creverat
379 907 450 929 non
471 892 595 943 egredi
616 892 813 941 provincia,
843 902 1021 941 quantum
1040 900 1185 941 tempus
1205 905 1283 927 aes-

199 958 355 995 tivorum
385 957 420 993 in
450 957 601 1006 imperio
633 956 716 1000 fuit,
748 957 960 1008 plerumque
987 957 1117 994 milites
1141 956 1282 993 stativis

199 1022 326 1059 castris
345 1021 532 1058 habebat:
564 1021 629 1058 nisi
655 1035 738 1057 cum
765 1022 869 1065 odos,
900 1031 963 1058 aut
994 1020 1118 1071 pabuli
1138 1030 1282 1072 egestas

199 1086 323 1123 locum
348 1094 489 1122 mutare
519 1086 726 1136 subegerat.
787 1087 861 1124 Sed
881 1101 996 1136 neque
1016 1100 1115 1122 more
1137 1084 1283 1125 militari

199 1150 342 1203 vigiliae
363 1150 636 1187 deducebantur
653 1166 662 1188 ε
695 1151 748 1188 uti
768 1151 900 1200 cuique
920 1150 1084 1193 lubebat,
1106 1150 1150 1185 ab
1172 1148 1284 1200 signis

198 1216 336 1252 aberat.
395 1214 513 1252 Lixae
533 1215 703 1264 permixti
723 1229 805 1251 cum
827 1214 999 1251 militibus
1016 1214 1073 1250 die
1094 1222 1280 1263 noctuque

198 1281 439 1331 vagabantur,
470 1288 507 1316 et
527 1279 690 1329 palantes
709 1293 817 1330 agros
837 1288 989 1323 vastare,
1021 1278 1120 1314 villas
1140 1292 1284 1328 expug-

198 1357 295 1388 nare,
311 1343 452 1393 pecoris
467 1352 504 1380 et
520 1343 781 1392 mancipiorum
796 1343 945 1393 praedas
959 1352 1139 1380 certantes
1155 1356 1282 1393 agere3

197 1423 311 1459 eaque
342 1417 483 1445 mutare
509 1422 592 1444 cum
618 1408 880 1445 mercatoribus
900 1408 983 1454 vino
1002 1407 1216 1450 advectitio,
1245 1415 1285 1443 et

198 1473 274 1511 aliis
306 1472 467 1509 talibus:
509 1480 694 1521 praeterea
722 1471 945 1508 frumentum
974 1470 1122 1521 publice
1157 1471 1283 1507 datum

198 1539 364 1581 vendere,
395 1551 525 1587 panem
555 1536 590 1572 in
620 1536 695 1573 dies
724 1536 874 1573 mercari
898 1552 906 1573 :
943 1546 1144 1586 postremO,
1175 1549 1285 1585 quae—

198 1618 356 1654 cumque
385 1603 457 1640 dici
485 1611 549 1638 aut
578 1601 667 1652 fingi
697 1611 835 1651 queunt
864 1601 1026 1652 ignaviae
1046 1600 1283 1649 luxuriaeque

199 1670 344 1720 probra,
365 1667 401 1704 in
421 1666 483 1704 illo
502 1666 665 1714 exercitu
685 1675 816 1702 cuncta
838 1665 951 1709 fuere,
970 1673 1011 1708 et
1031 1664 1098 1708 alia
1113 1663 1282 1714 amplius.

252 1799 385 1836 XLV.
405 1798 486 1835 SED
502 1796 537 1833 in
553 1810 594 1833 ea
609 1795 824 1833 difficultate
846 1794 1041 1833 Metellum
1057 1808 1127 1830 non
1144 1792 1281 1837 minus,

198 1879 305 1915 quam
338 1863 373 1900 in
406 1863 513 1899 rebus
546 1860 752 1903 hostilibus,
792 1873 964 1911 magnum
1002 1867 1039 1895 ct
1077 1858 1281 1908 sapientem

196 1930 311 1971 virum
331 1927 441 1964 fuisse
461 1925 690 1976 comperior3
711 1933 813 1961 tanta
832 1923 1072 1974 temperantia
1091 1923 1184 1959 inter
1204 1936 1281 1958 am-

194 1993 370 2037 bitionem
390 1990 646 2039 saevitiamque
667 1989 908 2025 moderatum.
967 1987 1136 2036 Namque
1156 1986 1280 2022 edicto

193 2057 350 2108 primum
374 2056 581 2107 adjumenta
600 2053 763 2104 ignaviae
784 2052 985 2095 sustulisse,
1015 2065 1058 2087 ne
1079 2050 1275 2100 quisquam¹

189 2123 226 2167 in
255 2120 380 2172 castris
411 2133 553 2170 panem,
584 2126 648 2155 aut
678 2131 786 2167 quem
817 2116 925 2153 alium
957 2124 1105 2153 coctum
1129 2115 1272 2160 cibumj'
