1451 2719
337 316 652 358 SALLUSTII
682 316 1020 358 JUGURTHA.
1132 320 1185 357 83

116 435 266 472 vastam,
293 429 443 478 praedas
462 442 568 480 agere
587 445 598 475 ;
626 430 698 468 suis
717 429 886 474 animum,
905 434 1080 466 terrorem
1098 426 1182 466 hos-

115 491 212 530 tibus
239 505 383 543 augere.

165 619 284 657 XXI.
314 619 414 658 Ani-1
425 634 573 665 εκΒΑι,
592 621 654 658 ubi
673 620 866 672 intellegit,
894 633 938 657 eo
957 632 1179 669 processum,

111 683 166 720 uti
195 697 346 735 regnum
376 695 438 721 aut
459 685 733 734 relinquendum
751 693 859 729 esset,
888 693 951 721 aut
970 684 1076 721 armis
1095 684 1180 722 reti-

111 747 282 791 nendum,
302 749 500 785 necessario
520 749 642 798 copias
662 757 778 798 parat,
796 758 834 786 et
854 749 875 786 J
880 749 1059 800 ugurthae
1077 748 1179 786 obvi-

112 823 152 847 us
170 811 350 860 procedit.
411 812 560 849 Interim
580 812 677 848 haud
696 812 804 863 longe
819 826 839 848 a
857 812 944 848 mari
964 825 1077 862 prope
1097 811 1180 849 Cir-

110 883 185 911 tam
204 875 381 925 oppidum
401 876 586 926 utriusque
606 876 770 913 consedit
788 876 993 913 exercitus:
1023 884 1074 920 et,
1095 875 1180 925 quia

110 940 168 977 die
197 950 399 978 extremum
427 951 519 985 erat,
549 941 724 991 proelium
753 955 823 977 non
843 941 1041 990 inceptum.
1100 940 1180 979 Ubi

109 1003 322 1054 plerumque
343 1006 459 1042 noctis
478 1006 668 1054 processit,
688 1006 844 1042 obscuro
860 1005 968 1042 etiam
982 1014 1062 1042 tum
1075 1004 1182 1042 lumi-

110 1081 168 1111 ne,
187 1067 317 1104 milites
335 1069 357 1105 J
362 1068 561 1119 ugurthini,
582 1069 687 1119 signo
701 1069 802 1112 dato,
822 1078 939 1105 castra
954 1069 1113 1106 hostium
1126 1068 1181 1105 in·

110 1131 244 1168 vadunt
260 1146 272 1176 ;
300 1131 531 1168 semisomnos
559 1132 705 1180 partim,
737 1132 824 1169 alios
857 1145 953 1169 arma
986 1142 1180 1178 sumentes,

109 1194 241 1247 fugant
254 1194 509 1245 funduntque:
540 1195 735 1232 Adherbal
749 1209 832 1233 cum
851 1196 976 1246 paucis
995 1197 1179 1247 equitibus

110 1259 250 1298 Cirtam
269 1258 450 1311 profugit,
470 1268 522 1303 et,
541 1260 577 1296 ni
597 1259 795 1297 multitudo
810 1269 1023 1312 togatorum
1038 1261 1179 1308 fuisset,

111 1337 204 1376 quae
223 1324 401 1362 Numidas
420 1325 649 1374 insequentes
668 1325 856 1362 moenibus
875 1325 1078 1375 prohibuit,
1106 1339 1180 1363 uno

109 1388 168 1425 die
185 1388 280 1425 inter
293 1389 384 1425 duos
399 1402 503 1439 reges
522 1396 695 1438 coeptum
714 1398 823 1439 atque
842 1397 1026 1439 patratum
1044 1389 1180 1427 bellum

109 1451 219 1491 foret.
264 1453 388 1504 Igitur
405 1452 591 1503 Jugurtha
610 1453 787 1502 oppidum
806 1453 1050 1497 circumsedit,
1069 1453 1180 1492 vineis

109 1517 341 1567 turribusque
355 1527 393 1554 et
408 1517 581 1554 machinis
600 1517 759 1553 omnium
779 1531 951 1568 generum
966 1530 1178 1568 expugnare

111 1581 323 1633 adgreditur
343 1596 354 1626 ;
398 1593 562 1617 maxume
594 1579 766 1617 festinans
797 1591 942 1631 tempus
973 1580 1180 1632 legatorum

110 1656 337 1696 antecapere,
364 1658 455 1695 quos
483 1653 565 1681 ante
592 1644 769 1694 proelium
788 1644 928 1682 factum
959 1644 1116 1682 Romam
1134 1647 1181 1683 ab

110 1710 327 1750 Adherbale
354 1710 479 1746 missos
497 1709 694 1747 audiverat.
752 1709 839 1753 Sed,
868 1718 1061 1759 postquam
1081 1723 1181 1748 sena-¹

110 1786 171 1815 tus
198 1777 243 1814 de
269 1775 367 1813 bello
394 1787 518 1812 eorum
537 1774 694 1824 accepit,
727 1776 822 1824 [tres
842 1773 1110 1824 adolescentes]
1142 1775 1178 1812 in

110 1839 282 1879 Africam
308 1839 490 1891 legantur,
518 1838 581 1888 qui
609 1839 714 1875 ambo
742 1851 846 1890 reges
865 1838 1010 1883 adeant,
1037 1848 1180 1878 senatus

110 1903 310 1957 populique
333 1903 488 1940 Romani
508 1902 623 1939 verbis
642 1902 827 1946 nuncient,
854 1902 943 1940 velle
962 1913 1000 1940 et
1018 1917 1177 1949 censere,

110 1981 174 2006 eos
201 1968 248 2005 ab
276 1967 382 2004 armis
412 1966 620 2011 discederea
648 1966 693 2003 de
723 1967 974 2004 controversiis
1001 1967 1072 2005 suis
1095 1970 1177 2020 jure

111 2031 248 2082 potius,
277 2042 385 2081 quam
414 2030 525 2076 bello,
555 2030 785 2080 disceptare;
817 2030 869 2067 ita
899 2043 1008 2082 seque
1035 2031 1177 2083 illisque

112 2095 263 2147 ffignum
290 2093 379 2132 fore.

203 2190 206 2193 ¹
644 2220 679 2258 L
701 2223 725 2258 ρ
