1497 2689
261 297 334 335 168
452 292 767 333 SALLUSTII
796 288 1138 333 JUGURTHA.

255 407 330 458 qui,
350 417 484 444 temere
503 415 539 443 et
559 406 670 443 effuse
690 416 829 450 eunteS,
851 407 972 445 Sullae
991 407 1140 456 aliisque
1160 402 1331 446 omnibus

252 482 290 510 et
311 486 497 509 numerum
517 471 726 521 ampliorem
741 485 839 515 vero,
858 482 894 508 et
910 471 1077 508 hostilem
1098 482 1234 509 metum
1249 472 1328 510 effi-

251 537 409 574 ciebant.
469 536 593 587 Igitur
613 550 688 572 sese
710 536 862 585 quisque
881 537 1064 586 expedire,
1093 550 1189 573 arma
1216 546 1327 587 atque

249 601 322 638 tela
351 611 505 644 tentare,
534 601 745 638 intendere:
775 600 884 636 timor
912 599 1128 650 aliquantus,
1159 601 1221 638 sed
1243 614 1328 651 spes

251 665 417 716 amplior,
447 665 582 715 quippe
612 665 823 708 victoribus,
851 674 888 701 et
917 666 1107 702 advorsum
1130 680 1205 710 eos,
1234 679 1328 716 quos

252 743 358 779 saepe
377 730 554 766 vicerunt.
614 730 765 766 Interim
790 729 944 778 equites,
977 729 1206 778 exploratum
1225 744 1328 780 prae-

251 793 360 837 missi,
381 807 468 836 rem,
489 802 530 830 ut
550 802 640 837 erat,
661 794 819 842 quietam
839 793 1024 830 nunciant.

303 921 413 958 CVI.
444 922 598 958 Vonux
621 922 810 959 adveniens
830 930 1059 972 quaestorem
1078 920 1259 971 adpellat:
1290 935 1328 959 se

250 997 270 1021 a
289 994 393 1034 patre
415 986 567 1022 Boccho
582 987 726 1023 obviam
744 985 813 1024 illis
833 986 951 1031 simul,
971 996 1008 1023 et
1029 986 1223 1036 praesidio,
1243 986 1326 1024 mis·-

250 1063 342 1086 sum.
399 1050 548 1088 Deinde
577 1065 662 1088 eum
691 1061 728 1088 et
757 1065 978 1101 proxumum
1008 1051 1102 1088 diem
1129 1051 1206 1087 sine
1225 1059 1327 1089 metu

249 1114 435 1165 conjuncti
454 1124 555 1151 eunt.
613 1115 717 1159 Post,
744 1115 808 1153 ubi
828 1125 945 1152 castra
963 1115 1098 1160 locata,
1117 1125 1154 1153 et
1174 1116 1231 1153 die
1250 1130 1328 1154 ves-

250 1191 315 1226 per
344 1187 433 1222 erat,
464 1188 611 1228 repente
646 1179 800 1216 Maurus
833 1180 973 1217 incerto
998 1179 1099 1216 voltu
1120 1179 1166 1216 ad
1188 1179 1326 1217 Sullam

249 1241 409 1278 adcurrit
432 1257 441 1279 z
472 1242 539 1279 sibi
569 1257 613 1279 ex
642 1242 930 1292 speculatoribus
957 1244 1162 1294 cognitum,
1189 1245 1328 1295 Jugur-

249 1305 351 1341 tham
376 1306 474 1342 haud
503 1304 633 1356 procul
662 1308 797 1344 abesse.
858 1307 988 1351 Simul,
1018 1308 1072 1344 uti
1100 1316 1213 1344 noctu
1232 1307 1326 1345 clam

250 1383 371 1405 secum
392 1370 621 1421 profugeret,
642 1380 749 1422 rogat
765 1381 875 1421 atque
891 1372 1070 1408 hortatur.
1122 1370 1189 1408 Ille
1208 1371 1327 1408 animo

250 1433 362 1470 feroci
382 1444 506 1485 negat,
527 1449 562 1472 se
575 1436 685 1472 toties
698 1435 819 1472 fusum
834 1435 1030 1473 Numidam
1047 1435 1325 1485 pertimescere:

250 1498 375 1535 virtuti
396 1513 540 1536 suorum
558 1500 643 1536 satis
659 1500 829 1536 credere:
849 1499 959 1536 etiam
974 1499 1001 1536 si
1017 1508 1114 1536 certa
1134 1499 1245 1549 pestis
1265 1501 1329 1538 ad-

247 1572 356 1607 esset,
376 1577 582 1600 mansurum
601 1563 738 1614 potius,
766 1577 889 1614 quam,
915 1564 1081 1614 proditis,
1104 1578 1196 1615 quos
1216 1565 1328 1603 duce-

250 1627 326 1671 bat,
337 1627 436 1677 turpi
451 1627 541 1679 fuga
555 1628 725 1672 incertae,
738 1642 779 1665 ac
796 1628 945 1665 forsitan
961 1637 1045 1678 post
1060 1628 1182 1678 paullo
1197 1630 1327 1667 morbo

248 1690 472 1736 interiturae,
491 1692 585 1729 vitae
605 1701 781 1742 parceret.
839 1694 1026 1737 Ceterum,
1042 1694 1087 1730 ab
1107 1694 1236 1731 eodem
1250 1708 1327 1732 mo-

250 1756 359 1802 nitus,
372 1758 427 1794 uti
442 1766 555 1794 noctu
571 1758 898 1808 proficiscerentur,
913 1757 1100 1795 consilium
1117 1759 1299 1809 adprobat
1312 1772 1325 1798 :-

250 1835 291 1859 ac
312 1823 433 1860 statim
452 1823 582 1860 milites
602 1832 773 1860 coenatos
792 1837 881 1867 esse,
901 1823 936 1859 in
957 1823 1082 1860 castris
1101 1823 1195 1874 ignis
1216 1837 1326 1874 quam

250 1888 499 1924 creberrumos
519 1888 609 1931 fieri,
633 1887 714 1924 dein
743 1887 857 1937 prima
875 1886 996 1939 vigilia
1023 1887 1166 1925 silentio
1185 1888 1327 1939 egredi,

246 1951 364 2001 jubet.
439 1952 607 2002 Jamque,
640 1961 820 1989 nocturno
852 1952 978 1989 itinere
1011 1951 1112 1989 fessis
1144 1952 1329 1997 omnibus,

253 2014 355 2052 Sulla
381 2016 516 2065 pariter
542 2029 625 2053 cum
645 2025 729 2053 ortu
749 2015 833 2054 solis
852 2025 969 2054 castra
994 2016 1212 2061 metabatur,
1241 2029 1326 2053 cum

250 2081 391 2131 equites
425 2080 549 2118 Mauri
576 2081 748 2118 nunciant
789 2080 1014 2132 Jugurtham
1042 2080 1186 2117 circiter
1213 2080 1327 2118 duum

252 2146 405 2184 millium
419 2144 607 2185 intervallo
622 2154 705 2184 ante
725 2146 940 2184 consedisse.
997 2145 1113 2195 Quod
1131 2153 1327 2197 postquam
