1451 2719
532 467 579 504 C.
620 467 808 508 CRISPI

332 587 1011 640 SALLUSTII

389 727 655 752 msronlARvM
686 727 936 752 HAGMENTA.

494 913 617 938 LIBER
661 914 837 938 PRIMUS.

123 1018 265 1090 RES
296 1050 423 1100 populi
447 1051 496 1089 R.
519 1051 576 1090 M.
611 1052 772 1103 Lepido,
802 1054 852 1103 Q.
874 1052 1010 1090 Catulo
1031 1051 1137 1089 Coss.
1158 1064 1200 1088 ac

122 1114 265 1158 deinde,
295 1114 440 1152 militiae
460 1124 496 1152 et
520 1116 618 1153 domi
638 1127 759 1168 gestas
780 1117 980 1166 composui.
1037 1116 1202 1153 Donatus

121 1186 153 1214 et
181 1179 308 1230 Pomp.
332 1179 558 1218 Messalinus.

175 1243 286 1288 Cato,
309 1243 466 1281 Romani
486 1245 628 1296 generis
647 1245 926 1289 disertissumus,
946 1244 1060 1282 multa
1079 1244 1205 1294 paucis

122 1309 289 1348 absolvit.
348 1312 494 1349 Servius
511 1321 542 1348 et
561 1312 694 1349 Acron.

177 1375 336 1412 Fannius
361 1389 454 1412 vere.
516 1376 727 1413 Victorinus.

175 1438 256 1476 Nos
270 1438 305 1475 in
321 1448 423 1476 tanta
437 1439 746 1478 doctissumorum
759 1439 948 1477 hominum
963 1440 1080 1489 copia.
1121 1441 1204 1477 Ser·

121 1505 212 1542 vius.

176 1569 308 1620 Neque
327 1583 383 1607 me
403 1570 541 1608 diversa
567 1584 650 1621 pars
670 1571 704 1608 in
725 1570 888 1608 civilibus
916 1570 1022 1607 armis
1051 1571 1163 1608 movit
1183 1585 1202 1608 a

120 1647 219 1671 vero.
276 1634 449 1672 Arusian-

174 1698 295 1736 Nobis
332 1699 467 1749 primae
500 1699 736 1737 dissensiones
768 1699 855 1737 vitio
888 1699 1035 1736 humani
1068 1701 1202 1752 ingenii

119 1777 281 1808 evenere,
311 1763 425 1814 quod,
456 1764 595 1814 inquies
615 1773 724 1815 atque
744 1764 976 1808 indomitum,
1007 1779 1147 1816 semper
1166 1767 1201 1803 in

120 1827 316 1864 certamine
345 1827 537 1872 libertatis,
567 1837 631 1866 aut
660 1828 812 1880 gloriae,
842 1837 904 1866 aut
932 1829 1202 1874 dominationis,

119 1891 210 1942 agit.
270 1892 490 1929 Priscianus.

174 1955 272 1992 Nam
291 1969 312 1992 a
331 1955 529 2006 primordio
549 1956 646 1994 urbis
665 1957 711 1994 ad
729 1956 866 1995 bellum
897 1957 996 1996 Persi
1024 1958 1203 1998 Macedo-

121 2018 254 2057 nicum.
313 2020 422 2058 Idem.

178 2084 254 2122 Res
281 2085 447 2123 Romana
475 2085 670 2136 plurimum
689 2086 840 2137 imperio
860 2085 987 2133 valuit,
1019 2089 1097 2127 Ser.
1121 2089 1206 2127 Sul-

119 2148 212 2198 pitio
227 2158 265 2188 et
285 2149 344 2188 M.
363 2149 543 2189 Marcello
563 2150 670 2189 Coss.
687 2151 786 2189 omni
806 2151 930 2191 Gallia
943 2152 995 2191 cis
1016 2153 1202 2198 Rhenum,

654 2215 691 2257 Z
