1497 2689
250 317 324 354 184·
408 311 724 351 SALLUSTII
755 312 868 351 FRA
877 311 1146 352 GMENTA.

294 425 404 463 Tunc
425 439 509 463 vero
539 433 576 462 et
606 425 723 475 posci,
753 439 836 462 cum
856 425 980 469 ceteri,
1009 425 1169 476 ejusdem
1192 437 1318 462 caussa

241 490 371 526 ducem
391 500 533 526 senatus
553 489 635 533 rati,
664 502 834 526 maxumo
854 489 989 540 gaudio
1007 489 1145 527 bellurn
1163 489 1315 527 irritare.

242 556 392 598 Nonius,
411 556 567 598 irritare,
579 563 791 606 provocare.

294 619 490 657 Curionem
520 618 708 668 quaesivit,
739 617 806 661 uti,
835 617 1109 661 adolescentior,
1131 627 1169 655 et
1189 616 1318 668 populi

240 683 419 734 suffragiis
434 683 588 734 integer,
607 683 717 719 aetati
733 681 950 719 concederet
970 680 1161 719 Mamerci.
1211 683 1319 719 Pris-

239 749 368 790 cianus,
387 747 444 785 lib.
466 764 502 784 x.

294 810 499 861 Philippus,
529 811 590 861 qui
610 819 727 848 aetate
747 819 785 848 et
804 810 954 848 consilio
974 820 1114 848 ceteros
1139 810 1313 848 anteibat.

242 877 399 919 Servius,
419 876 476 912 llb.
499 876 535 912 ii.

395 954 531 978 ORATIO
551 955 586 977 L.
609 954 779 978 ΡΗιιιΡΡῙ
802 954 950 978 coNTRA
970 954 1161 977 LEPIDUM.

293 1005 470 1043 Maxume
486 1004 626 1048 vellem,
647 1005 690 1041 P.
708 1005 754 1042 C.
771 1003 1028 1054 rempublicam
1049 1004 1208 1053 quietam
1227 1017 1318 1049 esse,

239 1078 302 1106 aut
321 1070 356 1105 in
376 1068 545 1119 periculis
566 1083 587 1105 a
605 1068 864 1118 promtissumo
885 1082 1030 1119 quoque
1051 1066 1196 1105 defendi
1214 1083 1225 1113 ;
1255 1069 1319 1105 de-

239 1135 348 1186 nique
376 1148 484 1184 prava
504 1134 649 1183 incepta
669 1132 940 1170 consultoribus
960 1146 1075 1169 noxae
1094 1146 1183 1169 esse.
1243 1132 1318 1170 Sed

238 1208 366 1236 contra
396 1197 633 1235 seditionibus
663 1197 783 1233 omnia
811 1197 958 1233 turbata
985 1205 1082 1240 sunt,
1112 1204 1150 1232 et
1185 1195 1229 1232 ab
1260 1195 1317 1239 iis,

239 1277 331 1314 quos
352 1262 543 1312 prohibere
563 1261 676 1312 magis
696 1261 874 1298 decebat:
906 1269 1104 1310 postremO,
1126 1272 1217 1309 quae
1237 1273 1318 1308 pes-

239 1327 329 1363 sumi
349 1336 386 1364 et
406 1326 619 1363 stultissumi
639 1325 841 1369 decrevere,
861 1338 902 1361 ea
920 1324 1024 1361 bonis
1039 1333 1076 1360 et
1091 1323 1318 1373 sapientibus

240 1391 409 1428 faciunda
424 1399 519 1427 sunt.
560 1390 655 1427 Nam
671 1389 820 1433 bellum,
841 1399 952 1438 atque
967 1403 1076 1432 arma,
1097 1402 1317 1438 quamquam

239 1457 342 1493 vobis
361 1456 484 1499 invisa,
515 1464 650 1498 tamen,
682 1454 766 1504 quia
786 1454 934 1504 Lepido
955 1453 1114 1503 placent,
1144 1453 1318 1490 sumenda

241 1530 348 1558 sunt:
380 1520 444 1556 nisi
460 1519 555 1555 forte
575 1518 634 1555 cui
653 1532 781 1568 pacem
799 1526 994 1567 praestare,
1014 1527 1051 1554 et
1070 1517 1205 1554 bellum
1226 1516 1318 1566 pati,

240 1586 429 1623 consilium
459 1593 526 1622 est.
585 1584 660 1621 Pro
691 1584 740 1621 dii
770 1584 883 1621 boni!
920 1583 982 1633 qui
1012 1583 1104 1619 hanc
1133 1584 1260 1620 urbem
1278 1596 1322 1619 o-

240 1652 345 1688 missa
375 1664 461 1687 cura
489 1649 609 1686 adhue
639 1648 792 1700 regitis;
849 1649 907 1686 Μ.
929 1647 1128 1692 Aemilius,
1157 1648 1317 1685 omnium

241 1715 503 1767 flagitiosorum
523 1723 741 1764 postremus,
768 1714 831 1764 qui
850 1716 965 1766 pejor,
994 1727 1036 1750 an
1057 1714 1234 1765 ignavior,
1257 1713 1318 1758 sit,

239 1779 425 1817 deliberari
445 1793 515 1816 non
544 1787 682 1829 potest,
710 1778 911 1815 exercitum
930 1778 1193 1828 opprimundae
1214 1777 1323 1815 liber-

240 1846 326 1882 tatis
354 1845 479 1887 habet,
508 1852 545 1880 et
574 1857 610 1880 se
639 1857 658 1879 e
686 1852 874 1880 contemto
903 1843 1137 1880 metuendum
1165 1842 1316 1880 effecit:

241 1923 318 1952 vos,
350 1917 563 1951 mussantes,
593 1916 629 1944 et
659 1915 895 1944 retractantes
910 1906 1027 1945 verbis
1041 1916 1079 1944 et
1099 1916 1222 1944 vatum
1241 1921 1320 1944 car-

242 1974 411 2016 minibus,
432 1986 557 2022 pacem
576 1971 713 2021 optatis
729 1972 858 2023 magis,
880 1986 986 2022 quam
1007 1972 1199 2010 defenditis
1217 1988 1228 2018 ;
1257 1987 1320 2009 ne-

241 2051 311 2089 que
339 2036 562 2087 intellegitis,
591 2035 743 2072 mollitia
771 2036 1003 2073 decretorum
1027 2036 1128 2074 vobis
1158 2036 1319 2088 dignita-

240 2112 327 2146 tern,
348 2100 397 2137 illi
417 2109 567 2144 metum,
593 2100 746 2136 detrahi.
802 2100 936 2150 Atque
956 2101 993 2138 id
1007 2104 1088 2153 jure
1105 2117 1115 2147 ;
1146 2101 1317 2152 quoniam

240 2181 285 2207 ex
301 2166 432 2219 rapinis
447 2164 689 2210 consulatum,
705 2165 752 2202 ob
769 2165 982 2202 seditionem
995 2165 1217 2217 provinciam
1231 2179 1319 2206 cum
