1451 2719
392 236 705 275 SALLUSTII
735 235 1043 276 CATILINA.
1230 236 1257 277 '5

187 348 330 387 luxuria
349 357 460 398 atque
482 349 642 393 avaritia,
670 349 860 386 vexabant.
920 348 995 386 Res
1020 348 1099 399 ipsa
1120 348 1257 386 hortari

189 413 344 457 videtur,
365 413 534 464 quoniam
555 414 599 450 de
620 414 778 449 moribus
797 413 953 450 civitatis
969 422 1116 462 tempus
1134 413 1261 450 admo-

158 487 161 490 *
189 477 283 522 nuit,
314 491 423 528 supra
455 486 631 527 repetere,
666 491 706 514 ac
737 478 862 528 paucis
886 477 1053 514 instituta
1083 480 1261 529 majorum

188 541 287 579 domi
303 541 523 592 militiaeque
538 558 548 587 ;
573 543 758 592 quomodo
776 542 1035 592 rempublicam
1053 543 1261 588 habuerint,

189 615 435 657 quantamque
455 607 688 656 reliquerint;
708 616 764 650 ut,
791 606 978 657 paullatim
991 607 1196 651 immutata,
1214 621 1260 644 ex

189 671 445 721 pulcherruma
476 685 642 721 pessuma
685 684 726 708 ac
758 671 1049 722 flagitiosissuma
1078 671 1176 709 facta
1201 673 1262 716 sit,

190 735 376 775 disserere.

240 863 316 901 VI.
340 864 496 902 Unum
523 863 693 907 Romam,
709 863 815 901 sicuti
829 877 902 914 ego
915 865 1054 914 accepi,
1069 864 1264 901 condidere

189 937 301 978 atque
348 928 478 965 abuere
498 927 601 964 initio
621 927 787 979 Trojani,
807 928 885 978 qui,
905 929 1035 966 Aenea
1053 929 1160 973 duce,
1179 943 1266 979 pro-

189 991 284 1043 fugi,
304 992 449 1029 sedibus
468 991 614 1028 incertis
630 992 881 1043 vagabantur3
902 1006 1060 1042 cumque
1078 993 1135 1030 his
1153 993 1267 1030 Abo-

189 1056 336 1107 rigines,
351 1068 467 1106 genus
481 1055 668 1092 hominum
683 1065 839 1107 agreste,
851 1057 924 1094 sine
937 1056 1095 1108 legibus,
1109 1057 1184 1094 sine
1198 1057 1266 1093 im-

188 1119 305 1170 perio,
325 1119 478 1156 liberum
497 1128 608 1170 atque
624 1118 798 1156 solutum.
857 1120 913 1157 Hi
931 1129 1130 1170 postquam
1143 1121 1180 1157 in
1195 1134 1265 1157 una

190 1185 331 1222 moenia
345 1197 557 1228 convenere,
573 1184 706 1234 dispari
721 1198 867 1235 genere,
880 1184 1043 1221 dissimili
1055 1183 1195 1236 lingua,
1206 1185 1266 1222 alii

190 1249 262 1287 alio
280 1262 380 1287 more
398 1249 585 1294 vivente83
613 1248 823 1286 incredibile
852 1258 1054 1287 memoratu
1081 1258 1138 1287 est
1157 1264 1268 1300 quam

191 1312 297 1351 facile
315 1313 653 1366 coaluerint4Sed,
673 1322 868 1363 postquam
887 1328 942 1351 res
959 1328 1099 1359 eorum,
1113 1314 1267 1359 civibus,

191 1377 369 1422 moribus,
397 1377 494 1429 agris
509 1386 630 1420 aucta,
663 1378 749 1415 satis
768 1392 941 1429 prospera
954 1379 1114 1429 satisque
1128 1379 1268 1429 pollens

193 1442 401 1486 videbatur,
431 1442 539 1480 sicuti
564 1441 737 1493 pleraque
765 1442 971 1480 mortalium
993 1443 1187 1487 habentur,
1216 1443 1271 1480 in-

196 1506 291 1544 vidia
309 1521 354 1544 ex
375 1505 563 1556 opulentia
581 1516 663 1543 orta
676 1515 745 1544 est.
804 1507 927 1558 Igitur
944 1514 1049 1560 reges
1067 1508 1270 1559 populique

196 1570 353 1608 finitumi
370 1569 468 1608 bello
489 1579 628 1608 tentare
646 1586 655 1609 ε
677 1571 785 1621 pauci
804 1585 849 1608 ex
869 1571 991 1609 amicis
1010 1572 1146 1609 auxilio
1164 1587 1240 1610 esse
1258 1588 1269 1618 ;

195 1649 277 1674 nam
296 1635 422 1679 ceteri,
442 1643 542 1672 metu
562 1635 736 1685 percussi,
761 1649 783 1673 a
800 1636 972 1686 periculis
989 1637 1152 1675 aben-ant.
1209 1638 1271 1676 At

198 1701 371 1746 Romani,
391 1700 491 1738 domi
511 1700 731 1751 militiaeque
751 1701 896 1745 intenti,
921 1700 1104 1746 festinare,
1132 1715 1271 1753 parare,

194 1766 286 1804 alius
304 1763 414 1802 alium
434 1765 571 1802 hortari
587 1781 598 1810 ;
619 1765 786 1802 hostibus
801 1766 944 1803 obviam
957 1767 1034 1812 ire;
1052 1766 1270 1811 libertatem,

195 1829 365 1882 patriam,
384 1839 638 1880 parentesque,
667 1830 774 1867 armis
792 1839 916 1882 tegere
932 1846 944 1877 ;
971 1840 1072 1882 post,
1097 1833 1160 1869 ubi
1179 1833 1274 1882 peri·

197 1895 281 1933 cula
299 1895 434 1932 virtute
464 1894 716 1945 propulerant,
746 1895 851 1932 sociis
870 1904 980 1947 atque
998 1896 1122 1935 amicis
1140 1897 1274 1934 auxilia

197 1960 395 2012 portabant
413 1975 424 2006 3
453 1960 642 2011 magisque
662 1959 802 2004 dandis,
828 1973 936 2010 quam
954 1960 1192 2011 accipiundiS,
1210 1962 1275 2000 be-

198 2024 337 2063 neficiis
367 2023 543 2062 amicitias
570 2024 760 2075 parabant.
832 2024 1030 2075 Imperium
1054 2024 1278 2077 legitimum,

202 2103 332 2129 nomen
364 2089 506 2140 imperii
537 2089 679 2141 regium
711 2088 893 2127 habebant
912 2103 921 2127 ε
961 2088 1109 2135 delecti,
1141 2090 1275 2140 quibus
