1451 2719
513 273 817 311 INDEX.
1127 275 1203 312 243

183 384 317 433 riisque
335 382 487 427 artibus,
503 385 612 422 modo
628 385 775 429 insidiis,
796 386 905 423 modo
920 393 1046 435 aperto
1062 383 1199 429 Marte,

181 457 298 486 certat
320 450 537 486 109—1‘22.
556 449 774 487 deditionem
786 448 887 492 facit,
901 451 1002 500 cujus
1017 462 1100 485 mox
1114 462 1203 498 poe·

184 512 277 548 nitet
298 514 384 549 123.
401 511 535 549 bellum
549 523 696 550 renovat
709 516 792 553 127.
807 512 1011 556 Bocchum,
1023 526 1200 556 socerum,

181 576 218 613 in
247 577 457 614 societatem
486 577 635 614 adducit
670 580 754 615 139.
784 590 938 626 cumque
959 575 1019 612 illo
1040 575 1200 614 Marium

183 654 379 692 aggressus
404 644 488 679 159.
518 655 649 692 magna
668 641 768 678 clade
789 641 944 677 vincitur
966 642 1051 678 161.
1085 639 1200 677 altero

173 704 303 741 deinde
318 704 470 754 proelio,
499 705 584 741 dolo
604 705 763 754 quidem,
793 705 855 741 sed
884 704 1000 740 minus
1026 702 1194 748 feliciter,

179 781 279 812 usus,
312 768 464 819 fugatur
498 771 583 806 163.
616 782 635 804 a
668 768 818 806 Boccho
844 767 988 804 tandem
1018 767 1197 816 proditus,

178 831 301 869 Sullae
323 832 464 870 vinctus
494 832 663 877 traditur,
691 841 728 869 et
748 832 795 869 ad
822 830 982 869 Marium
1005 830 1199 869 deducitur

185 897 271 934 174.

646 1017 683 1056 L

123 1089 463 1128 Laesum-:monn
487 1101 525 1128 et
544 1092 792 1129 Athenienses
811 1091 845 1128 in
868 1090 1025 1130 Graecia
1045 1103 1197 1140 coepere

178 1154 284 1191 urbes
305 1163 417 1204 atque
436 1155 598 1193 nationes
618 1156 786 1207 subigere
807 1157 842 1193 2.

126 1217 265 1270 Legati
297 1218 547 1256 Romanorum
567 1233 719 1271 regnum
748 1219 940 1258 Numidiae
964 1219 1117 1256 divisum
1135 1218 1198 1256 de-

177 1295 258 1320 cem
277 1282 374 1319 missi
395 1284 458 1323 78.
486 1283 741 1322 Adherbalem
759 1294 796 1321 et
816 1283 1039 1335 Jugurtham
1062 1283 1194 1334 jubent

175 1359 272 1383 arma
306 1360 439 1397 ponere
474 1349 536 1385 83.
588 1349 611 1386 J
614 1349 794 1400 ugurthae
814 1361 941 1398 pacem
960 1348 1192 1398 imperante3‚

178 1408 312 1447 frustra
331 1410 522 1448 discedunt
544 1414 606 1449 84.
630 1412 771 1449 Bocchi
791 1412 836 1448 ad
856 1420 1018 1448 senatum
1042 1413 1129 1451 167.

122 1473 305 1512 Lentulus
325 1474 371 1511 ad
389 1476 648 1527 conjurandum
668 1485 746 1513 tum
765 1476 874 1520 cives,
897 1485 978 1512 tum
997 1475 1097 1519 alios,
1118 1474 1189 1512 sol-

174 1539 317 1585 licitat;
337 1554 403 1590 per
422 1540 652 1578 Umbrenum
671 1540 899 1591 Allobroges
915 1548 1032 1577 tentat
1050 1541 1113 1584 32,
1133 1543 1194 1577 33.

178 1603 374 1642 Volturcio
389 1605 452 1641 dat
466 1603 603 1641 litteras
618 1604 663 1641 ad
679 1604 872 1643 Catilinam
889 1606 951 1641 35.
972 1617 992 1639 a
1008 1603 1198 1648 Cicerone,

178 1668 280 1719 quod
317 1678 464 1718 praetor
491 1678 581 1713 erat,
618 1682 726 1706 manu
758 1669 793 1705 in
826 1677 989 1705 senatum
1022 1668 1196 1714 ducitur3

180 1746 336 1782 cumque
363 1732 485 1769 liberti
505 1733 558 1769 sui
578 1746 618 1770 ac
639 1733 787 1770 clientes
806 1747 888 1770 eum
907 1733 1043 1782 eripere
1064 1732 1197 1770 frustra

175 1796 299 1834 conati
318 1806 450 1840 essent,
472 1796 636 1834 Lentulo
659 1796 858 1846 Spintheri,
878 1796 996 1840 aedili,
1017 1796 1052 1833 in
1072 1806 1196 1834 custo-

179 1860 275 1898 diam
294 1861 451 1898 traditur
470 1864 534 1905 46,
555 1863 618 1901 47.
648 1861 682 1897 in
703 1861 915 1898 Tullianum
938 1875 1116 1899 carcerem
1135 1862 1198 1900 de-

178 1925 322 1970 missus,
346 1925 527 1962 occiditur
546 1928 608 1964 52.

131 1988 268 2039 Lepidi
288 1989 404 2026 oratio
425 1999 552 2026 contra
575 1989 711 2027 Sullam
736 1994 823 2035 179,
843 2001 874 2028 et
892 2007 984 2043 seqq.

133 2051 338 2102 Leptitani,
367 2053 453 2090 socii
485 2053 652 2090 Romano
672 2054 810 2104 populo
831 2068 970 2105 semper
988 2055 1125 2102 fideles,
1153 2058 1199 2093 ad

585 2127 734 2164 Hh‘l
