1497 2689
211 283 236 319 2
420 278 734 320 SALLUSTII
765 280 1072 320 CATILINA.

204 392 293 442 perii
321 392 357 428 id
385 392 540 442 primum
570 393 662 445 fuit)
695 394 836 438 diversi,
877 408 959 444 pars
992 394 1190 446 ingenium,
1219 392 1279 432 alii

200 470 332 505 corpus
352 457 593 494 exercebant:
625 466 661 494 et
677 461 751 509 jam
779 468 857 495 tum
878 459 950 496 vita
983 460 1170 496 hominum
1203 460 1277 497 sine

156 570 162 581 ,
198 521 402 570 cupiditate
431 522 639 572 agitabatur
656 538 666 567 ;
697 536 758 558 sua
791 523 921 572 cuique
953 523 1037 560 satis
1068 523 1276 573 placebant.

146 582 179 634 ἕζ-
198 585 331 622 Postea
352 599 434 622 vero
455 599 561 635 quam
582 586 616 622 in
637 587 733 623 Asia
753 587 887 636 Cyrus,
915 588 950 623 in
973 587 1131 625 Graecia
1156 588 1280 625 Lace-

196 651 373 686 daemonii
388 660 424 687 et
441 651 689 688 Athenienses
705 665 856 700 coepere
871 652 978 688 urbes
991 660 1101 702 atque
1115 652 1277 690 nationes

196 715 378 765 subigere,
397 714 597 751 lubidinem
613 715 821 751 dominandi
842 729 1004 752 caussam
1023 710 1108 752 beffi
1128 716 1276 761 habere,
1321 733 1330 741 ·

194 792 398 814 maxumam
419 778 571 829 gloriam
590 779 625 814 in
646 792 815 815 maxumo
836 779 985 828 irnperio
1011 789 1165 829 putare;
1194 789 1276 817 tum

193 843 339 880 demum
360 843 525 893 periculo
544 852 655 894 atque
688 843 845 894 negotiis
879 853 1108 893 compertum
1141 852 1210 888 est,
1239 845 1276 881 in

193 908 290 946 bello
311 908 507 957 plurimum
526 908 709 959 ingenium
730 922 848 957 posse.
864 915 890 966 ὸ(
908 909 1022 957 Quod
1034 908 1060 944 si
1073 922 1201 959 regum
1221 917 1278 946 at-

192 988 263 1023 que
278 973 539 1023 imperatorum
552 973 658 1009 animi
674 973 787 1009 virtus
808 972 841 1008 in
858 985 946 1022 pace
963 972 1025 1015 ita,
1042 972 1096 1008 uti
1111 972 1146 1008 in
1161 972 1275 1018 bello,

190 1037 337 1081 valeret,
365 1037 587 1087 aequabilius
607 1046 717 1087 atque
737 1037 963 1074 constantius
982 1050 1058 1073 sese
1073 1050 1128 1074 res
1147 1036 1276 1074 huma-

190 1115 255 1138 nae
276 1102 477 1146 haberent3
507 1115 623 1151 neque
644 1101 740 1138 aliud
761 1100 829 1137 alio
864 1099 962 1144 ferri,
995 1114 1112 1150 neque
1142 1102 1275 1139 mutari

191 1182 232 1205 ac
253 1168 393 1206 misceri
413 1169 532 1204 omnia
547 1182 722 1205 cerneres.
781 1167 877 1205 Nam
892 1166 1082 1216 imperium
1095 1166 1201 1204 facile
1216 1168 1273 1205 his

190 1233 328 1270 artibus
348 1233 537 1276 retinetur,
557 1233 689 1282 quibus
708 1232 812 1268 initio
831 1240 979 1281 partum
998 1240 1066 1268 est.
1115 1232 1271 1277 Verum,

190 1297 250 1334 ubi
271 1312 338 1347 pro
358 1297 479 1334 labore
495 1297 644 1340 desidia,
673 1311 740 1346 pro
762 1295 985 1333 continentia
1013 1304 1051 1332 et
1084 1295 1272 1345 aequitate·

187 1360 314 1398 lubido
335 1372 444 1411 atque
466 1361 632 1411 superbia
664 1362 834 1404 invasere,
867 1360 1015 1397 fortuna
1045 1359 1151 1396 simul
1184 1374 1271 1397 cum

186 1426 347 1463 moribus
366 1427 592 1463 immutatur.
652 1426 712 1462 Ita
732 1425 919 1475 imperium
933 1438 1073 1474 semper
1092 1425 1138 1462 ad
1157 1433 1271 1474 optu-

186 1504 283 1527 mum
304 1505 484 1540 quemque
505 1505 524 1526 a
544 1490 659 1527 minus
679 1491 776 1527 bono
790 1489 1016 1527 transfertur.
1074 1491 1182 1540 Quae
1201 1490 1270 1528 ho-

185 1556 297 1592 mines
309 1564 424 1599 arant,
438 1555 622 1606 navigant,
639 1555 843 1599 aedificant,
858 1554 984 1592 virtuti
998 1554 1265 1604 omniaparent.

188 1620 261 1657 Sed
274 1619 379 1655 multi
392 1619 574 1662 mortales,
590 1619 703 1656 dediti
720 1620 834 1656 ventri
848 1628 958 1669 atque
971 1633 1112 1663 somno,
1125 1618 1269 1656 indocti

183 1683 385 1733 incultique
418 1686 540 1727 vitam,
569 1683 675 1720 sicuti
708 1684 994 1735 peregrinantes,
1027 1692 1234 1735 transegere
1251 1698 1264 1728 ;

184 1749 329 1798 quibus,
358 1747 526 1798 prof-:cto
558 1757 685 1785 contra
706 1758 882 1792 naturam,
913 1762 1046 1798 corpus
1066 1748 1265 1798 voluptati,

182 1814 299 1850 anima
331 1813 430 1849 oneri
460 1812 542 1849 fnit.
615 1813 755 1850 Eorum
789 1827 860 1864 ego
891 1813 1003 1849 vitam
1035 1821 1265 1863 mortemque

177 1880 284 1929 juxta
303 1887 481 1920 aestumo,
504 1877 674 1927 quoniam
691 1878 735 1914 de
756 1887 909 1927 utraque
929 1877 1066 1914 siletur.
1124 1877 1264 1915 Verum

182 1943 275 1979 enim
295 1956 378 1979 vero
398 1942 426 1978 is
447 1943 591 1978 demum
611 1942 697 1978 mihi
719 1943 834 1979 vivere
853 1951 964 1992 atque
984 1941 1056 1979 frui
1075 1942 1191 1980 anima
1209 1942 1261 1980 vi-

182 2008 301 2051 detur,
318 2007 521 2057 qni,aliquo
535 2007 685 2058 negotio
701 2007 874 2051 intentus,
887 2006 1062 2057 praeclari
1075 2005 1260 2051 facinoris,

181 2081 242 2109 aut
263 2072 348 2108 artis
365 2072 480 2108 bonae
501 2071 632 2108 famam
653 2071 805 2121 quaerit.
866 2072 952 2115 Sed,
985 2071 1020 2108 in
1045 2085 1176 2123 magna
1195 2084 1260 2109 co·-

182 2137 240 2186 pia
259 2150 391 2180 rerum,
420 2135 518 2175 aliud
537 2135 595 2173 alii
615 2144 742 2173 natura
760 2136 829 2173 iter
847 2135 1020 2173 ostendit⁷
