1497 2689
210 298 261 332 66
408 284 726 330 SALLUSTII
755 284 1097 331 JUGURTHA.

214 416 301 449 tem,
313 414 442 442 exacta
458 418 521 441 sua
536 412 669 447 aetate,
685 404 802 453 parvis
816 403 951 447 liberis,
972 403 1087 454 magis
1103 402 1294 454 magisque

215 483 374 507 crescere
413 468 606 519 intellegit,
644 467 872 505 vehementer
904 467 1054 519 negotio
1092 475 1299 516 permotus,

218 533 331 571 multa
362 547 445 569 cum
475 533 594 568 animo
627 545 691 568 suo
717 531 897 568 volvebat.
956 531 1137 569 Terrebat
1167 539 1299 568 natura

218 597 437 640 mortalium,
458 597 562 633 avida
580 595 734 645 imperii,
765 605 802 632 et
821 608 994 645 praeceps
1014 596 1060 632 ad
1079 595 1295 645 explendam

217 661 322 698 animi
342 661 574 710 cupidinem:
606 668 791 708 praeterea
805 659 1061 709 opportunitas
1082 673 1238 709 suaeque
1257 666 1297 696 et

217 725 414 763 liberorum
445 725 587 768 aetatis,
621 737 712 773 quae
743 724 852 760 etiam
883 723 1073 759 mediocris
1107 723 1200 760 viros
1234 737 1298 773 spe

220 789 374 839 praedae
399 798 622 825 transvorsos
648 788 754 838 agit:
798 786 844 823 ad
874 786 944 823 hoc
976 787 1094 823 studia
1121 787 1301 824 Numida-

220 868 314 897 rum,
335 854 370 889 in
391 853 617 904 ,Iugurtham
637 865 787 891 accensa
805 867 816 896 ;
845 865 889 888 ex
910 851 1056 900 quibus,
1077 851 1105 887 si
1121 851 1230 888 talem
1249 851 1302 887 vi-

220 933 299 955 rum
320 917 573 962 interfecisset,
594 931 636 953 ne
652 930 723 966 qua
738 915 882 959 seditio,
902 923 966 952 aut
980 913 1116 952 bellum
1131 915 1306 962 oriretur,

219 983 346 1020 anxius
365 990 453 1019 erat.

276 1112 374 1149 VII.
407 1111 491 1148 His
514 1109 793 1148 difficultatibus
809 1110 1088 1155 circumVentus,
1109 1111 1171 1148 ubi
1191 1111 1303 1156 videt,

224 1192 340 1228 neque
360 1191 425 1227 per
444 1177 528 1220 vim,
549 1189 664 1225 neque
684 1174 832 1218 insidiis,
865 1174 1022 1224 opprimi
1054 1189 1160 1224 posse
1188 1176 1307 1212 homi-

224 1257 306 1279 nem
327 1251 401 1279 tam
427 1249 619 1290 acceptum
648 1239 914 1290 popularibus;
945 1239 1045 1288 quod
1064 1248 1141 1276 erat
1169 1241 1309 1291 Jugur-

223 1308 289 1343 tha
308 1321 415 1343 manu
435 1313 615 1356 promtus,
636 1313 672 1341 et
693 1304 867 1354 adpetens
888 1303 1024 1354 gloriae
1044 1302 1221 1349 militaris,
1235 1314 1309 1342 sta-

225 1372 298 1408 tuit
329 1385 411 1408 eum
442 1371 626 1421 objectare
657 1367 840 1418 periculis,
872 1376 908 1403 et
928 1382 971 1404 eo
991 1369 1102 1404 modo
1123 1368 1308 1406 fortunam

224 1445 379 1473 tentare.
452 1434 576 1484 Igitur
608 1432 705 1469 bello
740 1431 968 1469 Numantino
1002 1432 1176 1482 Micipsa,
1224 1447 1310 1470 cum

227 1500 368 1551 populo
392 1499 560 1536 Romano
580 1497 746 1547 equitum
761 1505 871 1545 atque
891 1496 1057 1545 peditum
1077 1498 1209 1534 auxilia
1227 1499 1313 1536 mit-

227 1574 335 1608 teret,
361 1576 505 1613 sperans
525 1561 580 1598 vel
609 1560 828 1598 ostentando
848 1561 1034 1606 virtutem,
1066 1562 1122 1599 vel
1151 1563 1312 1600 hostium

228 1629 387 1672 saevitia,
407 1626 512 1664 facile
533 1639 761 1669 occasurum,
781 1624 957 1675 praefecit
979 1626 1149 1663 Numidis
1164 1641 1257 1677 quos
1276 1627 1313 1664 in

230 1693 449 1743 Hispaniam
478 1691 662 1728 mittebat.
723 1690 796 1727 Sed
826 1703 867 1725 ea
898 1703 952 1726 res
983 1689 1093 1741 longe
1123 1690 1239 1736 aliter,
1272 1703 1314 1728 ac

229 1768 329 1795 ratus
350 1765 441 1800 erat,
462 1755 592 1793 evenit.
651 1755 749 1792 Nam
769 1755 791 1792 ,Ι
796 1755 970 1804 ugurtha,
996 1764 1037 1791 ut
1056 1765 1134 1793 erat
1154 1756 1316 1808 impigro

231 1834 342 1874 atque
372 1823 446 1860 acri
476 1820 636 1872 ingenio,
668 1819 730 1856 ubi
762 1828 926 1856 naturam
960 1820 1003 1857 P.
1029 1820 1224 1870 Scipionis,
1254 1822 1317 1872 qui

233 1899 313 1928 tum
345 1888 519 1926 Romanis
538 1887 750 1936 imperator,
781 1893 818 1921 et
837 1898 975 1921 morem
995 1884 1156 1922 hostium
1177 1900 1319 1937 cogno-

231 1955 284 1992 vit
302 1970 313 1999 3
341 1952 458 1989 multo
477 1952 615 1995 labore,
638 1949 825 1998 multaque
846 1962 945 1992 cura,
966 1957 1152 1998 praeterea
1172 1951 1318 1987 modes-

230 2020 380 2057 tissume
400 2017 575 2067 parendo,
596 2023 632 2052 et
648 2028 753 2064 saepe
773 2013 918 2050 obviam
938 2013 1059 2050 eundo
1080 2014 1266 2063 periculis,
1282 2015 1318 2051 in

232 2093 372 2122 tantam
391 2081 644 2119 claritudinem
662 2078 763 2116 brevi
794 2086 1019 2128 pervenerat,
1047 2087 1088 2115 ut
1108 2079 1242 2117 nostris
1260 2093 1322 2116 ve-

234 2149 422 2186 hementer
451 2159 568 2190 carus,
602 2142 836 2183 Numantinis
866 2155 1038 2180 maxumo
1063 2143 1192 2181 terrori
1211 2150 1328 2182 esset-.-
