1451 2719
385 315 699 355 SALLUSTII
729 316 1035 355 CATILINA.
1202 319 1248 353 51

165 429 233 466 tias
246 437 454 478 paupertas,
473 428 741 466 multitudinem
758 429 920 479 paucitas
936 435 1132 477 superaret.
1158 428 1245 471 Sed,

166 502 365 543 postquam
384 492 474 530 luxu
508 502 617 543 atque
649 493 782 530 desidia
815 493 940 530 civitas
973 500 1146 540 corrupta
1176 501 1244 536 cst,

167 570 289 594 rursus
309 557 512 607 respublica
531 558 779 609 magnitudine
804 572 867 594 sua
901 558 1157 607 imperatorum
1192 565 1244 592 at-

166 634 239 670 que
258 621 535 672 magistratuum
555 622 641 658 vitia
653 623 877 658 sustentabat
897 637 906 666 ;
937 635 992 664 ac,
1013 619 1118 657 sicuti
1136 619 1247 656 effoe-

167 693 207 721 ta
226 685 444 734 parentium,
473 685 595 722 multis
614 687 894 735 tempestatibus
914 686 1013 722 haud
1046 699 1127 722 sane
1148 685 1245 734 qnis-

165 761 275 798 quam
297 749 438 786 Romae
458 750 591 786 virtute
625 763 776 800 magnus
809 748 892 786 fuit.
958 750 1044 792 Sed,
1074 748 1243 785 memoria

167 826 259 856 mea,
287 813 426 864 ingenti
445 814 592 857 virtute,
621 813 753 850 divorsi
774 814 932 850 moribus
952 813 1052 850 fuere
1072 813 1135 849 viri
1156 813 1243 856 duo,

168 876 227 915 Μ.
249 877 360 921 Cato,
379 887 416 915 et
437 878 483 917 C.
506 878 662 922 Caesar3
693 892 797 927 quos,
826 878 996 927 quoniam
1025 892 1079 914 res
1099 876 1246 914 obtule-

167 953 236 985 rat,
265 941 405 979 silentio
438 942 630 992 praeterire
660 956 730 978 non
760 941 829 978 fuit
850 941 1051 985 consilium,
1081 942 1167 991 quin
1204 955 1244 977 u-

165 1005 328 1055 triusque
347 1016 511 1044 naturam
525 1014 562 1043 et
582 1019 711 1050 mores,
731 1014 907 1055 quantum
925 1006 1070 1058 ingenio
1087 1019 1243 1055 possem,

167 1070 353 1120 aperirem.

220 1198 334 1236 LIV.
367 1199 528 1236 Ιοιτυκ
550 1199 605 1235 his
625 1213 753 1250 genus,
782 1208 892 1243 aetas,
912 1200 1133 1249 eloquentia,
1154 1214 1244 1249 pro-

165 1276 214 1313 pe
232 1261 393 1312 aequalia
413 1261 540 1308 fuere3
570 1263 784 1314 magnitudo
813 1264 919 1300 animi
938 1278 1015 1314 par,
1044 1264 1131 1301 item
1164 1265 1246 1316 glo-

165 1327 243 1372 ria3
273 1328 335 1365 sed
355 1327 422 1365 alia
440 1328 510 1365 alii.
569 1328 702 1365 Caesar
719 1328 902 1365 beneficiis
927 1342 967 1365 ac
998 1330 1245 1367 munificentia

167 1405 320 1443 magnus
350 1393 577 1438 habebatur;
616 1392 828 1443 integritate
861 1393 956 1430 vitae
990 1394 1099 1430 Cato.
1179 1394 1245 1431 Ille

167 1458 440 1494 mansuetudine
459 1466 497 1494 et
517 1457 758 1494 misericordia
772 1456 888 1493 clarus
908 1456 1027 1494 factus
1046 1473 1054 1495 ε
1086 1458 1171 1494 huic
1193 1473 1246 1495 se-

167 1521 296 1559 veritas
315 1521 531 1573 dignitatem
551 1522 750 1558 addiderat.
809 1522 943 1560 Caesar
962 1523 1095 1567 dando,
1126 1523 1245 1561 suble-

166 1587 297 1629 vando,
336 1586 587 1637 ignoscend03
618 1586 714 1624 Cato
745 1585 833 1622 nihil
866 1586 1059 1638 largiundo
1093 1588 1245 1639 gloriam

166 1650 334 1700 adeptus.
375 1651 418 1687 In
439 1650 552 1688 altero
572 1650 706 1687 miseris
725 1650 934 1703 perfugium
953 1669 963 1698 3
984 1653 1017 1689 in
1039 1653 1152 1690 altero
1172 1668 1247 1690 ma-

166 1714 209 1752 lis
227 1715 429 1765 pernicies:
460 1714 552 1752 illius
572 1714 739 1759 facilitas,
767 1716 874 1768 hujus
889 1718 1093 1755 constantia
1125 1718 1247 1755 lauda-

166 1780 286 1817 batur.
345 1780 534 1817 Postremo
564 1780 698 1817 Caesar
716 1780 750 1816 in
784 1781 941 1818 animum
974 1782 1166 1820 induxerat
1197 1782 1247 1819 la-

167 1844 307 1889 borare,
347 1844 519 1895 vigilare;
559 1845 714 1896 negotiis
745 1845 940 1882 amicorum
969 1847 1143 1892 intentus,
1184 1862 1246 1885 sua

166 1907 360 1960 neglegere
378 1924 390 1954 3
410 1908 498 1945 nihil
512 1906 703 1960 denegare,
724 1910 826 1959 quod
840 1911 938 1947 dono
958 1912 1110 1963 dignum
1125 1921 1218 1950 esset
1234 1929 1246 1958 ς

166 1972 234 2010 sibi
253 1987 425 2024 magnum
459 1973 661 2023 imperium,
700 1975 914 2020 exercitum,
943 1991 1076 2014 novum
1110 1978 1246 2015 bellum

165 2038 382 2087 exoptabat,
412 2037 475 2074 ubi
494 2037 608 2074 virtus
627 2040 822 2077 enitescere
842 2050 978 2090 posset.
1037 2043 1098 2080 At
1133 2043 1249 2081 Cato-

167 2101 203 2138 ni
223 2102 383 2140 studium
399 2102 610 2146 modestiae,
639 2102 791 2147 decoris,
821 2105 883 2141 sed
898 2118 1064 2144 maxume
1080 2108 1250 2145 sevem'ta-

166 2165 226 2212 ιὶς,
247 2176 336 2205 erat.
395 2167 481 2206 Non
510 2166 643 2204 divitiis
673 2181 756 2204 cum
790 2168 913 2215 divite,
943 2185 1059 2223 neque
1091 2171 1251 2211 factione

656 2230 754 2269 G2
