1451 2719
304 322 619 362 SALLUSTII
649 324 988 364 JUGURTHA.
1104 329 1178 365 125

107 434 322 474 declaratur.
379 435 526 474 Deinde
559 437 603 473 ab
635 450 679 474 eo
714 437 926 488 magistratu
954 436 1062 474 alium
1095 448 1181 487 post

107 501 214 540 assum
246 500 312 538 sibi
345 501 514 551 peperit3
557 515 768 552 semperque
797 502 831 538 in
865 502 1108 551 potestatibus
1137 515 1181 538 eo

107 565 216 603 modo
235 564 412 616 agitabat,
440 567 494 602 uti
514 565 700 615 ampliore,
730 579 838 616 quam
858 566 1021 617 gerebat,
1050 567 1182 618 dignus

106 630 312 668 haberetur.
369 630 511 667 Tamen
532 631 573 674 is,
593 630 637 667 ad
657 631 694 667 id
712 630 876 667 locorum
890 629 971 667 talis
990 630 1054 674 vir,
1079 631 1182 683 (nam

109 704 238 746 postea
256 695 453 732 ambitione
472 708 645 745 praeceps
664 695 770 732 datus
785 693 861 745 est)
884 703 1008 744 petere
1029 709 1100 731 non
1121 708 1184 732 au-

106 760 228 797 debat.
287 759 411 797 Etiam
431 769 509 797 tum
529 759 616 796 alios
637 759 868 810 magistratus
888 757 1026 808 plebes,
1050 772 1183 796 consu-

108 823 223 861 latum
243 824 410 861 nobilitas
431 824 524 861 inter
543 838 579 861 sc
597 838 662 874 per
681 837 804 860 manus
824 823 1004 860 tradebat.
1054 824 1183 861 Novus

110 902 215 925 nemo
243 897 318 925 tam
346 888 476 932 clarus,
511 903 627 938 neque
657 897 731 925 tam
759 888 915 939 egregiis
943 887 1062 932 factis,
1093 897 1184 932 erat,

114 952 199 1002 quin
220 953 248 989 is
267 952 438 1003 indignus
457 952 519 989 illo
534 953 684 997 honore,
703 962 740 990 et
761 953 862 1003 quasi
881 952 1057 1002 pollutus,
1077 953 1187 990 habe-

118 1024 229 1053 retur.

167 1141 326 1183 LXIV.
356 1146 534 1190 Ion-ux,
560 1145 622 1183 ubi
644 1145 784 1184 Marius
802 1145 1002 1195 haruspicis
1016 1146 1114 1183 dicta
1128 1161 1189 1183 eo-

113 1209 195 1247 dem
214 1209 399 1247 intendere
418 1210 529 1253 videt,
559 1224 632 1260 quo
661 1211 797 1260 cupido
825 1210 932 1246 animi
961 1211 1189 1256 hortabatur,

113 1274 158 1311 ab
194 1273 350 1311 Metello
383 1273 538 1324 petundi
570 1274 687 1326 gratia
720 1274 924 1311 missionem
956 1285 1063 1326 rogat
1082 1291 1092 1319 ;
1132 1273 1191 1312 cui

114 1351 333 1388 quamquam
355 1338 482 1382 vii-tim,
511 1337 640 1389 gloria,
670 1347 779 1389 atque
808 1339 875 1376 alia
893 1340 1053 1390 optanda
1072 1341 1190 1384 bonis,

116 1403 348 1452 superabant,
378 1411 495 1439 tamen
525 1403 639 1439 inerat
660 1412 868 1439 contemtor
897 1404 1034 1440 animus
1063 1413 1100 1441 et
1134 1418 1192 1441 su-

114 1466 253 1516 perbia,
273 1479 464 1502 commune
480 1465 677 1503 nobilitatis
694 1466 840 1505 malum.
875 1467 1006 1517 Itaque
1023 1469 1192 1517 primum,

116 1538 322 1566 commotus
341 1529 485 1566 insolita
503 1544 554 1575 re,
582 1530 700 1567 mirari
719 1533 795 1582 ejus
814 1532 1015 1575 consilium,
1044 1542 1081 1569 et
1106 1546 1194 1582 qua-

118 1594 145 1630 si
165 1608 230 1644 per
247 1593 440 1630 amicitiam
461 1608 619 1639 monere,
640 1609 683 1631 ne
696 1604 770 1632 tam
789 1608 898 1645 prava
917 1596 1104 1646 inciperet,
1125 1610 1194 1633 neu

118 1672 226 1708 super
244 1657 427 1694 fortunam
442 1658 597 1695 animum
614 1668 755 1709 gereret
771 1674 780 1697 :
803 1674 873 1696 non
889 1661 1008 1697 omnia
1027 1661 1196 1698 omnibus

118 1722 302 1773 cupiunda
321 1736 397 1759 esse
414 1737 422 1759 :
445 1723 575 1760 debere
594 1723 644 1760 illi
664 1737 718 1760 res
739 1737 818 1760 suas
831 1724 916 1761 satis
931 1724 1089 1774 placei-e:
1112 1739 1197 1775 pos-

119 1796 236 1823 tremo
256 1797 397 1824 caveret
418 1786 455 1823 id
475 1795 598 1836 petere
618 1800 638 1823 a
657 1787 796 1837 populo
822 1788 1003 1833 Romano,
1033 1789 1132 1838 quod
1156 1788 1198 1826 il-

118 1849 142 1887 li
157 1852 239 1902 jure
258 1859 462 1901 negaretur.
521 1851 722 1901 Postquam
742 1851 829 1888 haec
851 1861 960 1901 atque
980 1852 1065 1889 talia
1089 1853 1197 1897 dixit,

119 1927 235 1964 neque
255 1915 392 1951 animus
413 1914 522 1952 Marii
544 1915 716 1959 flectitur,
736 1916 938 1965 respondit,
961 1916 1023 1954 ubi
1041 1917 1198 1967 primum

120 1979 301 2028 potuisset
321 1993 386 2029 per
405 1979 553 2029 negotia
584 1979 744 2029 publica,
772 1979 954 2016 facturum
988 1994 1076 2024 sese,
1105 1994 1196 2030 quae

122 2051 276 2092 peteret.
333 2043 398 2080 Ac
420 2052 547 2093 postea
563 2043 703 2093 saepius
717 2044 843 2081 eadem
863 2044 1063 2094 postulanti
1083 2044 1198 2083 fertur

122 2107 266 2153 dixisse,
295 2122 339 2145 ne
360 2108 547 2145 festinaret
579 2108 700 2145 abire:
732 2109 817 2145 satis
837 2117 975 2146 mature
995 2108 1095 2146 illum
1115 2124 1197 2148 cum

125 2170 197 2208 silio
218 2186 282 2209 suo
301 2171 528 2209 consulatum
542 2172 754 2222 petiturum.
816 2173 853 2209 Is
872 2187 915 2209 co
935 2182 1098 2223 tempore
1112 2187 1199 2211 con-
