1497 2689
174 313 226 350 <24
374 307 694 348 >SALLUSTII
723 307 1029 347 CATILINA.

172 421 289 466 aliter,
317 421 391 460 sine
417 421 545 472 populi
568 424 685 474 jussu,
716 420 804 459 nulli
822 434 945 459 earum
973 431 1090 458 rerum
1109 418 1247 457 consuli

167 500 228 539 jus
246 495 313 525 est.

227 616 364 654 XXX.
396 616 508 654 Pos‘r
530 629 666 666 paucos
685 614 759 653 dies
781 615 830 653 L.
855 614 1017 659 Saenius,
1038 623 1193 658 senator,
1214 613 1249 652 in

173 690 299 720 senatu
320 681 459 718 litteras
487 680 665 725 recitavit,
696 694 786 731 quas
821 679 981 717 Faesulis
1013 678 1150 716 adlatas
1183 678 1250 716 sibi

171 746 346 792 dicebat;
375 747 409 783 in
433 746 564 796 quibus
592 745 767 795 scriptum
794 754 885 788 erat,
914 745 960 782 C.
992 743 1172 781 Manlium
1196 756 1252 780 ar-

172 825 230 848 ma
254 811 404 861 cepisse,
432 825 515 848 cum
543 824 675 862 magna
702 809 947 853 multitudine,
975 817 1059 846 ante
1087 808 1182 846 diem
1206 822 1247 845 vi

176 875 359 913 Kalendas
389 875 619 913 Novembris.
646 855 670 935 lx
697 874 827 918 Simul,
856 874 892 911 id
922 874 1022 924 quod
1053 873 1089 910 in
1119 872 1184 911 tali
1213 887 1251 909 re

173 940 278 984 solet,
308 939 365 977 alii
393 948 564 989 portenta
583 948 692 989 atque
716 938 882 990 prodigia
913 938 1163 983 nunciabant;
1192 936 1253 974 alii

172 1013 371 1042 conventus
399 1004 489 1048 fieri,
518 1017 615 1040 arma
634 1003 784 1053 portari,
815 1003 963 1053 Capuae
991 1011 1102 1052 atque
1134 1001 1169 1038 in
1189 1000 1251 1038 A·

171 1070 270 1120 pulia
293 1069 416 1107 servile
443 1069 579 1108 bellum
607 1067 935 1119 moveriqklgitur
967 1066 1079 1104 senati
1104 1066 1252 1103 decreto

173 1135 226 1184 Ω.
249 1133 411 1172 Marcius
438 1133 519 1170 Rex
548 1133 730 1177 Faesulas,
759 1133 810 1183 Q.
834 1130 1009 1169 Metellus
1029 1130 1198 1168 Creticus
1216 1129 1252 1166 in

174 1198 354 1248 Apuliam
382 1198 589 1248 circumque
617 1197 698 1235 loca
727 1197 848 1234 missi:
889 1197 912 1233 ii
940 1196 1090 1246 utrique
1119 1195 1165 1232 ad
1195 1208 1255 1231 ur-

174 1266 258 1302 bem
290 1265 525 1314 imperatores
553 1272 667 1307 erant,
696 1262 873 1311 impediti,
902 1276 945 1298 ne
973 1260 1255 1310 triumpharent,

173 1329 350 1367 calumnia
387 1342 600 1379 paucorum,
639 1326 769 1377 quibus
806 1325 926 1363 omnia
957 1325 1110 1362 honesta
1142 1333 1253 1374 atque

173 1395 362 1431 inhonesta
394 1394 547 1430 vendere
576 1405 654 1428 mos
687 1397 812 1436 erat-55
864 1391 937 1428 Sed
968 1397 1166 1439 praetores,
1199 1389 1251 1438 Ω,

175 1458 370 1508 Pompeius
411 1456 532 1494 Rufus
565 1456 745 1506 Capuam,
779 1456 830 1505 Ω.
866 1454 1042 1494 Metellus
1073 1452 1182 1491 Celer
1217 1452 1254 1490 in

172 1537 302 1575 agrum
340 1521 546 1565 Picenum3
584 1519 702 1570 iisque
735 1519 959 1569 permissum,
993 1519 1048 1556 uti
1068 1532 1135 1568 pro
1161 1526 1256 1561 tem-

174 1602 262 1639 pore
289 1595 399 1637 atque
436 1584 597 1636 periculo
630 1584 831 1621 exercitum
867 1592 1148 1634 compararent:
1206 1582 1253 1619 ad

174 1653 261 1696 hoc,
293 1651 320 1688 si
346 1651 426 1701 quis
452 1648 678 1687 indicavisset
698 1648 742 1685 de
762 1646 1025 1701 conjuratione,
1054 1660 1146 1697 quae
1166 1660 1255 1684 con-

175 1727 231 1754 tra
260 1714 521 1766 rempublicam
548 1713 647 1751 facta
674 1722 764 1757 erat,
792 1714 991 1764 praemium
1020 1727 1121 1750 servo
1146 1712 1255 1750 liber-

175 1791 303 1826 tatem,
331 1789 368 1818 et
388 1779 553 1817 sestertia
572 1787 744 1824 centum;
773 1778 886 1815 libero
906 1778 1158 1828 impunitatem
1177 1780 1253 1830 ejus

176 1848 239 1892 rei,
267 1855 304 1884 et
343 1844 506 1883 sestertia
543 1844 726 1881 ducenta:
775 1843 861 1881 item
905 1843 1160 1894 [decrevere],
1200 1842 1253 1880 uti

175 1909 411 1963 gladiatoriae
439 1908 592 1946 familiae
622 1909 788 1958 Capuam
807 1917 844 1945 et
864 1908 897 1944 in
919 1917 1039 1945 cetera
1063 1906 1256 1956 municipia

177 1975 478 2013 distribuerentur
509 1987 576 2023 pro
605 1975 778 2025 cujusque
807 1973 938 2022 opibus
961 1988 971 2018 ;
1016 1972 1157 2010 Romae
1190 1985 1255 2021 per

176 2049 295 2078 totam
331 2039 457 2076 urbem
494 2037 636 2089 vigiliae
673 2038 906 2082 haberentur,
951 2036 1065 2087 iisque
1101 2035 1255 2073 minores

179 2105 412 2159 magistratus
437 2112 655 2154 praeessent.
