1497 2689
223 300 300 336 244
606 296 909 335 INDEX.

276 406 469 447 Metellum
497 405 639 457 legatos
667 408 882 457 praesidium
907 408 1076 446 adversus
1106 407 1299 446 Hamilca-

277 486 350 509 rem
371 472 552 522 quendam
572 481 714 509 oratum
735 473 886 510 mittunt
912 475 997 510 136.

225 537 307 574 Lex
330 537 458 574 Porcia
478 540 541 574 45.
567 537 778 586 Sempronia
800 540 861 575 88.
885 537 1026 575 Plautia
1047 540 1109 577 25.

224 600 358 638 Licinii
378 602 515 637 tribum.
537 601 634 650 pleb.
655 602 772 638 oratio
792 602 837 638 ad
858 601 1000 651 plebem
1021 604 1110 639 202.

225 666 391 704 Litterae
421 666 550 703 Manlii
571 667 616 702 ad
646 666 910 716 Q.Ma1·cium
932 668 996 710 26,
1027 669 1090 706 27.
1121 665 1298 705 Catilinae

278 730 323 767 ad
344 730 515 768 Catulum
539 732 601 766 28.
634 729 785 767 Lentuli
805 730 850 767 ad
870 730 1063 768 Catilinam
1087 733 1149 768 35.
1182 729 1302 780 Scipi-

276 795 354 832 onis
375 794 420 831 ad
441 794 635 843 Micipsam
656 797 719 832 68.
743 794 968 832 Adherbalis
988 795 1034 831 ad
1055 804 1218 832 senatum
1237 797 1301 832 85·

280 859 446 908 Pompeii
476 859 521 895 ad
551 868 712 896 senatum
737 861 823 898 199.
855 858 1084 898 Mithridatis
1109 859 1156 896 ad
1184 859 1304 897 Arsa·

280 937 360 963 cem
381 924 471 967 209,
493 926 564 960 δίς.

743 1041 789 1080 M

230 1118 554 1159 MAmsTRM-us
572 1116 726 1154 minores
740 1116 870 1168 vigiliis
889 1130 954 1166 per
968 1117 1095 1153 urbem
1113 1125 1303 1166 praeerant

284 1185 346 1220 24.
368 1182 646 1233 magistratuum
665 1181 818 1232 insignia
837 1194 856 1217 a
876 1180 1011 1218 Tuscis
1032 1189 1149 1217 sumta
1170 1182 1235 1218 45.

230 1246 403 1290 Manlius,
432 1249 703 1297 conjuratorum
725 1258 829 1289 unus,
857 1244 942 1282 belli
963 1244 1116 1281 faciendi
1135 1244 1303 1294 princeps

283 1313 346 1348 20.
376 1310 422 1346 ad
450 1311 500 1360 Q.
524 1309 706 1347 Marcium
729 1309 873 1360 Regem
891 1307 1084 1359 epistolam
1101 1308 1217 1346 mittit
1237 1310 1304 1352 26,

282 1377 345 1414 27.

230 1436 384 1479 Mamilii
404 1438 549 1489 rogatio
568 1446 696 1475 contra
715 1437 923 1489 Jugurthae
943 1436 1104 1474 fautores
1129 1438 1215 1475 102.

230 1502 473 1546 Mastanabal,
503 1501 714 1539 Masinissae
733 1501 842 1545 filius,
870 1501 1000 1538 morbo
1018 1501 1220 1538 absumitur
1239 1503 1307 1539 65.

229 1567 404 1607 Manilius
425 1566 619 1603 Mancinus
638 1566 724 1602 trib.
745 1565 842 1615 pleb.
868 1567 954 1603 133.

232 1631 393 1672 Manlius
422 1630 639 1680 Torquatus
666 1629 763 1668 bello
793 1629 940 1670 Gallico
961 1629 1074 1666 filium
1093 1638 1222 1667 contra
1240 1629 1306 1666 im-

284 1695 423 1745 perium
442 1695 477 1731 in
497 1695 621 1731 hostes
641 1703 868 1746 pugnantem
887 1694 1003 1732 necari
1022 1693 1129 1745 jussit
1147 1696 1213 1732 49.

232 1759 392 1798 Manlius
412 1758 522 1796 Marii
541 1758 684 1810 legatus
708 1761 794 1796 148.

232 1823 392 1862 Manlius
410 1831 449 1859 et
469 1822 607 1872 Caepio
628 1822 718 1859 male
737 1833 822 1859 cum
842 1821 959 1861 Gallis
985 1828 1194 1873 pugnarunt
1218 1825 1309 1862 174.

232 1887 397 1926 Marcius
420 1886 502 1923 Rex
534 1886 703 1924 Faesulas
722 1895 850 1924 contra
869 1884 1076 1938 conjuratos
1095 1886 1221 1924 missus
1241 1888 1305 1924 24.

285 1952 481 2002 respondet
503 1951 633 1989 Manlii
652 1951 829 2003 conjurati
849 1950 980 2002 legatis
1001 1953 1064 1991 27.

235 2015 374 2055 Marius
404 2015 548 2054 Metelli
575 2016 719 2067 legatus
752 2019 838 2053 108.
875 2016 1018 2053 Siccam
1046 2015 1312 2053 frumentatum>

287 2080 415 2117 missus
440 2083 526 2117 118.
557 2080 644 2116 dum
666 2079 802 2118 Uticae
827 2080 1018 2124 sacrificat,
1046 2080 1090 2116 ab
1118 2079 1314 2129 haruspice

286 2145 436 2197 jubetur
449 2143 570 2183 omnia
587 2158 761 2196 prospera
780 2158 921 2196 sperare
940 2146 1027 2183 124.
1047 2145 1185 2195 Arpini
1203 2153 1313 2182 natus
