1451 2719
317 285 630 324 SALLUSTII
663 284 1048 324 FRAGMENTA.
1148 284 1224 322 219

151 410 251 441 nore,
271 410 379 447 quam
398 407 516 442 antea,
536 399 755 450 navigamus.
815 398 921 435 Haec
938 398 965 434 si
980 396 1066 434 dolo
1085 404 1147 432 aut
1167 410 1221 432 sc-

149 462 274 500 cordia
301 472 423 499 nostra
441 473 630 500 contracta
650 473 746 507 sunt,
775 464 828 500 uti
849 471 970 499 monet
991 462 1054 504 ira,
1084 460 1221 510 suppli-

150 526 246 564 cium
278 526 406 564 sumite
422 542 431 564 :
466 527 518 563 sin
548 528 749 564 communis
781 526 926 563 fortuna
959 525 1117 574 asperior
1149 534 1218 567 est,

151 604 261 641 quare
276 590 423 641 indigna
438 591 552 634 vobis,
569 591 758 641 nobisque,
773 599 809 628 et
825 589 1023 640 republica,
1039 588 1219 638 incipitis?

149 653 283 703 Atque
294 668 381 704 ego,
400 657 501 706 cujus
521 655 631 692 aetati
646 668 740 691 mors
755 654 904 704 propior
921 661 990 696 est,
1011 667 1080 689 non
1094 652 1223 701 depre-

149 731 226 762 cor,
247 719 276 755 si
295 719 383 768 quid
398 733 439 756 ea
455 720 555 756 vobis
570 719 788 756 incommodi
808 717 981 762 demitur;
1002 731 1119 766 neque
1134 730 1219 752 mox

143 781 291 833 ingenui
318 783 481 832 corporis
502 783 701 826 honestius,
730 796 838 832 quam
867 795 933 831 pro
955 790 1071 818 vestra
1091 779 1220 823 salute,

144 845 252 882 finem
270 845 363 882 vitae
391 845 548 883 fecerim.
608 846 758 883 Adsum
776 859 818 882 en
839 848 847 882 ἔ
880 845 926 882 C.
950 845 1065 882 Cotta
1080 842 1220 887 consul,

143 908 239 946 facio
259 909 359 959 quod
379 923 484 959 saepe
500 912 650 960 majores
669 910 802 960 asperis
817 909 918 946 bellis
948 908 1084 954 fecere;
1105 922 1219 945 voveo

150 972 319 1022 dedoque
338 986 395 1010 me
414 987 482 1022 pro
501 973 699 1023 republica,
719 987 827 1023 quam
847 973 976 1010 deinde
995 973 1054 1009 cui
1075 972 1221 1009 mande-

150 1037 196 1073 tis
208 1037 486 1087 circumspicite.
541 1039 638 1077 Nam
657 1039 766 1075 talem
785 1038 960 1074 honorem
979 1037 1098 1074 bonus
1117 1050 1223 1074 nemo

151 1101 264 1146 volet,
293 1116 378 1140 cum
397 1102 577 1146 fortunae,
604 1111 641 1139 et
662 1102 781 1146 maris,
809 1110 847 1138 et
866 1101 949 1138 belli
970 1101 1015 1138 ab
1035 1100 1110 1138 aliis
1135 1101 1224 1145 acti,

148 1165 242 1202 ratio
271 1165 466 1209 reddenda,
494 1175 557 1202 aut
586 1167 742 1216 turpiter
761 1165 985 1202 moriendum
1005 1165 1064 1201 sit.
1121 1164 1225 1202 Tan-

149 1229 341 1266 tummodo
360 1229 395 1265 in
415 1229 539 1265 animis
557 1229 747 1274 habetote,
768 1243 839 1265 non
859 1243 915 1265 me
934 1229 982 1264 ob
1003 1228 1131 1272 scelus,
1160 1236 1223 1265 aut

148 1293 346 1338 avaritiam,
357 1308 514 1338 caesum,
534 1294 596 1331 sed
611 1293 791 1331 volentem
806 1307 874 1343 pro
894 1292 1072 1329 maxumis
1090 1292 1227 1329 benefi-

148 1358 212 1396 ciis
246 1357 398 1394 animam
431 1359 529 1395 dono
559 1358 711 1395 dedisse.
770 1359 841 1395 Per
867 1371 944 1402 vos,
979 1357 1157 1407 Quirites,
1185 1366 1224 1395 et

151 1421 305 1473 gloriam
324 1424 512 1473 majorum,
540 1422 692 1459 tolerate
712 1422 874 1465 advorsa,
903 1430 940 1458 et
960 1420 1138 1458 consulite
1158 1421 1228 1458 rei-

150 1485 332 1536 publicae.
390 1485 515 1523 Multa
542 1499 627 1523 cura
656 1500 794 1522 summo
814 1485 965 1535 imperio
985 1485 1090 1528 inest,
1120 1484 1226 1523 multi

150 1550 317 1602 ingentes
336 1550 495 1588 labores:
517 1564 610 1600 quos
626 1550 869 1600 nequidquam
884 1549 1054 1594 abnuitis,
1069 1558 1107 1586 et
1126 1550 1228 1599 pacis

150 1614 374 1665 opulentiam
395 1615 577 1665 quaeritis,
606 1628 687 1651 cum
709 1628 832 1651 omnes
852 1614 1071 1664 provinciae,
1098 1628 1225 1666 regna,

152 1680 275 1723 maria,
295 1688 498 1729 terraeque,
518 1692 643 1728 aspera
661 1687 724 1715 aut
744 1678 836 1716 fessa
855 1678 958 1715 bellis
979 1678 1061 1715 sint.

207 1744 382 1783 Germani
400 1744 579 1781 intectum
599 1743 790 1780 renonibus
809 1757 943 1793 corpus
962 1752 1107 1794 tegunt.
1130 1743 1221 1781 Isid.

206 1809 318 1847 Unde
337 1822 429 1858 pons
449 1807 483 1846 in
503 1807 680 1857 oppidum
700 1808 882 1857 pertinens
896 1807 1112 1858 explicatur.
1170 1809 1226 1846 A·

153 1874 327 1912 rusianus.

207 1936 262 1974 Et
275 1936 308 1972 ei
323 1950 413 1973 voce
426 1949 557 1987 magna
575 1936 803 1973 vehementer
821 1936 1112 1987 gratulabantur.
1144 1937 1236 1976 Dor

153 2010 265 2038 natus.

206 2064 261 2102 Et
282 2063 422 2102 Marius
441 2064 558 2101 victus
577 2064 824 2114 duplicaverat
842 2065 990 2103 bellum.
1049 2067 1152 2104 Serv.

205 2127 341 2179 -Atque
360 2142 421 2166 eos
439 2142 461 2169 a
479 2138 586 2179 tergo
614 2128 861 2168 incurrerunt..
915 2129 1141 2183 Rtfinianus.

625 2192 764 2231 Eea
