1451 2719
333 277 644 318 SALLUSTII
676 278 981 316 CAT1L1NA.
1150 281 1198 315 19

120 387 242 433 linffm,
262 389 426 427 oratione
446 389 584 434 habita,
606 403 690 426 cum
709 390 753 426 ad
769 389 1017 441 jusjurandum
1037 388 1190 438 popula-

119 453 166 490 ris
184 452 324 490 sceleris
344 453 397 490 sui
417 453 594 504 adigeret,
615 453 758 490 humani
779 453 940 503 corporis
965 451 1188 503 sanguinem,

117 517 198 555 vino
217 515 451 567 permixtum,
472 517 505 554 in
526 517 657 567 pateris
677 517 936 554 circumtulisse
955 533 966 562 ;
986 517 1081 560 inde,
1105 531 1188 554 cum

117 587 203 634 post
228 583 510 621 exsecrationem
539 597 662 620 omnes
690 583 992 633 degustavissent,
1021 583 1127 620 sicuti
1153 583 1186 620 in

116 647 348 684 sollemnibus
363 647 470 684 sacris
491 648 565 685 fieri
579 647 779 690 consuevit,
796 647 976 696 aperuisse
1000 647 1188 685 consilium

117 725 236 755 suum,
256 716 381 761 atqu'e,
401 725 458 754 eo,
482 711 661 754 dictitare,
691 710 831 754 fecisse,
859 725 933 760 quo
961 711 1053 748 inter
1071 725 1107 748 se
1127 712 1188 748 fidi

116 775 230 826 magis
249 774 383 819 forent,
412 775 500 812 alius
515 775 571 812 alii
591 775 683 811 tanti
702 774 869 812 facinoris
889 775 1036 812 conscii.
1085 776 1187 813 Non-

115 839 204 876 nulli
234 839 321 876 ficta
346 839 448 883 haec,
477 839 591 876 multa
619 848 816 889 praeterea,
846 840 1113 877 existumabant
1142 842 1187 878 ab

115 903 170 947 iis,
190 903 254 954 qui
274 903 459 942 Ciceronis
478 903 657 947 invidiam,
691 917 782 953 quae
802 913 928 953 postea
947 913 1027 942 orta
1045 914 1113 949 est,
1139 905 1188 943 le-

116 967 181 1004 niri
201 967 397 1004 credebant
425 968 617 1004 atrocitate
638 967 778 1005 sceleris
798 982 935 1011 eorum,
965 969 1026 1018 qui
1056 983 1190 1018 poenas

117 1031 301 1068 dederant.
371 1031 489 1069 Nobis
520 1045 561 1067 ea
590 1038 644 1067 re's
677 1045 743 1080 pro
778 1032 1025 1082 magnitudine
1062 1047 1191 1082 parum

117 1103 304 1145 compensa
322 1103 391 1141 <151-

168 1223 340 1265 XXHL
386 1224 468 1261 SED
496 1225 530 1260 in
558 1236 600 1261 ea
619 1225 856 1263 conventione
875 1225 946 1262 fuit
967 1228 1018 1276 Q.
1040 1227 1186 1273 Curius,

117 1296 222 1343 natus
240 1289 339 1325 haud
366 1289 522 1326 obscuro
549 1287 646 1334 loco,
676 1290 821 1341 flagitiis
840 1299 950 1340 atque
970 1290 1190 1328 facinoribus

116 1362 341 1402 coopertus;
370 1366 478 1403 quem
509 1367 674 1390 censores
704 1363 830 1391 senatu
863 1355 986 1404 probri
1010 1355 1127 1406 gratia
1154 1369 1192 1392 a·

118 1423 316 1455 moverant.
375 1417 478 1454 Huic
507 1418 643 1454 homini
662 1421 732 1454 non
763 1418 880 1455 minor
906 1427 1056 1462 vanitas,
1084 1433 1190 1469 quam

116 1481 294 1519 audacia:
338 1495 453 1530 neque
472 1481 641 1525 reticeres
664 1485 756 1531 quae
775 1482 951 1526 audierat,
978 1496 1093 1532 neque
1115 1497 1194 1521 sua·

117 1554 196 1584 met
221 1545 298 1596 ipse
326 1545 456 1582 scelera
485 1544 697 1583 occultare:
740 1560 886 1595 prorsus
914 1560 1028 1596 neque
1061 1547 1193 1592 dicere,

118 1616 235 1660 neque
267 1609 398 1654 facere,
432 1609 629 1659 quidquam
660 1610 761 1660 pensi
784 1610 954 1647 habebat.
1037 1611 1129 1648 Erat
1162 1612 1193 1648 ei

118 1688 204 1713 cum
232 1674 372 1718 Fulvia,
401 1673 547 1711 muliere
575 1673 701 1717 nobili,
729 1674 844 1726 stupri
873 1683 975 1711 vetus
1000 1684 1194 1713 consuetu-

118 1739 168 1776 do
186 1754 196 1777 :
225 1738 284 1775 c·ui
303 1752 387 1776 cum
407 1738 520 1775 minus
549 1747 675 1788 gratus
702 1747 810 1782 esset,
838 1738 922 1788 quia
940 1739 1061 1789 inopia
1079 1739 1193 1777 mi'nus

117 1801 245 1854 largiri
274 1811 435 1852 poterat,
473 1806 621 1852 repente
652 1801 810 1853 glorians
843 1801 952 1839 maria
983 1812 1195 1854 montesque

118 1866 284 1917 polliceri
310 1866 432 1916 coepit
451 1882 461 1911 ;
492 1866 615 1903 minari
635 1865 815 1902 interdum
834 1865 942 1910 ferro,
971 1866 1035 1903 nisi
1054 1868 1195 1905 obnox-

118 1931 154 1968 ia
181 1930 304 1976 foret3
342 1940 527 1981 postremo
560 1929 715 1967 ferocius
743 1930 895 1981 agitare,
932 1945 1041 1981 quam
1069 1932 1194 1970 solitus

120 1997 210 2038 erat.
267 1994 328 2032 At
358 1994 497 2038 Fulvia,
526 1993 734 2031 insolentiae
763 1994 865 2032 Curii
889 2008 1014 2032 caussa
1032 1996 1194 2047 cognita,

120 2059 195 2096 tale
222 2059 422 2110 periculum
449 2057 667 2109 reipublicae
694 2058 793 2095 haud
819 2058 1006 2096 occultum
1033 2060 1161 2098 habuit
1183 2077 1193 2106 3

122 2122 200 2167 sed,
225 2123 368 2161 sublato
389 2132 550 2166 auctore,
579 2122 624 2159 de
644 2122 821 2160 Catilinae
840 2123 1086 2174 conjuratione
1105 2138 1196 2173 quae

621 2186 709 2223 02
