1451 2719
329 311 643 351 SALLUSTII
672 312 1012 352 JUGURTHA.
1152 315 1202 354 77

127 427 297 477 jestatem
311 423 439 473 populi
457 423 504 461 R.
522 425 706 462 subvenite
722 425 849 462 misero
865 425 950 461 mihi
968 439 979 468 3
999 424 1048 461 ite
1060 423 1202 460 obviam

131 489 302 540 injuriam
322 487 434 524 nolite
447 489 523 538 pati
539 503 690 540 regnum
707 489 913 533 Numidiae,
933 488 1032 538 quod
1048 498 1203 525 vestrum

131 561 201 597 eet,
228 566 294 602 per
312 551 428 590 scelus
447 561 484 590 et
504 553 712 604 sanguinem
741 552 895 590 familiae
913 561 1056 590 nostrae
1085 553 1207 589 tabes-

131 618 259 655 mo,‚

189 745 279 783 XV.
310 744 549 789 Posmum
571 757 632 782 rex
654 744 760 781 finem
778 743 948 793 loquendi
964 743 1065 788 fecit,
1087 742 1199 795 legati

134 809 354 860 Jugmthae,
373 808 565 860 largitione
581 809 708 860 magis,
721 821 829 858 quam
841 821 979 852 caussa,
1000 807 1097 852 freti,
1113 821 1204 858 pau-

135 873 187 910 cio
214 873 435 922 respondent
453 887 462 910 :
496 872 745 922 Hiempsalem
767 873 816 909 ob
837 872 1019 909 saevitiam
1041 885 1141 909 suam
1161 872 1207 908 ab

138 936 308 974 Numidis
322 935 554 973 interfectum
569 951 578 974 ε
611 936 875 981 Adherbalem,
892 936 987 973 ultro
1002 936 1136 973 bellum
1156 937 1211 972 in-

137 1001 324 1045 ferentem,
355 1010 547 1051 postquam
581 1010 770 1050 superatus
799 1001 859 1045 sit,
891 1000 1004 1050 queri,
1034 1001 1133 1050 quod
1158 1001 1211 1037 in-

131 1066 261 1116 juriam
297 1064 416 1101 facere
452 1064 668 1114 nequivisset
685 1079 695 1101 ε
742 1064 963 1114 „Iugurtham
1000 1065 1046 1101 ab
1084 1074 1209 1101 senatu

137 1138 274 1179 petere,
305 1142 347 1165 ne
377 1128 486 1165 alium
515 1136 699 1178 putarent,
726 1141 768 1164 ac
798 1127 1017 1165 Numantiae
1039 1129 1216 1179 cognitus*

137 1201 244 1235 esset,
282 1205 351 1228 neu
381 1192 489 1228 verba
516 1192 650 1228 inimici
678 1199 761 1228 ante
789 1191 887 1228 facta
915 1205 979 1228 sua
1016 1201 1205 1242 ponerent.

139 1257 286 1295 Deinde
313 1256 458 1307 utrique
476 1255 576 1293 curia
593 1255 842 1308 egrediuntur.
902 1256 1057 1293 Senatus
1085 1257 1209 1294 statim

137 1320 340 1360 consulitur
356 1335 366 1358 ε
409 1320 570 1358 fautores
606 1319 825 1371 legatorum,
862 1328 1047 1370 praeterea
1079 1333 1210 1372 magna

139 1399 236 1436 pars,
255 1385 374 1438 gratia
391 1384 590 1435 depravati,
610 1384 834 1421 Adherbalis
853 1384 953 1421 dicta
971 1393 1214 1429 contemnere,

141 1450 348 1501 Jugunhae
367 1450 538 1486 virtutem
555 1448 728 1485 extollere
748 1447 938 1492 laudibus3
959 1448 1089 1498 gratia,
1110 1463 1213 1493 voce,

143 1515 298 1565 denique
314 1514 480 1551 omnibus
499 1512 630 1556 modis,
650 1526 717 1562 pro
732 1511 847 1548 alieno
863 1511 993 1548 scelere
1009 1521 1046 1548 et
1062 1512 1221 1564 flagitio,¹

142 1593 204 1616 sua
225 1578 325 1631 quasi
345 1592 412 1628 pro
431 1577 559 1628 gloria,
580 1576 798 1613 nitebantur.
837 1576 912 1620 At,
933 1586 1072 1621 contra,
1092 1578 1214 1627 pauci,

143 1642 275 1692 quibus
290 1642 424 1678 bonum
435 1650 472 1677 et
487 1640 779 1690 aequumdivitiis
794 1639 922 1684 carius,
931 1640 1217 1677 subveniundum

145 1704 365 1749 Adherbali,
377 1714 414 1742 et
429 1703 652 1754 Hiempsalis
666 1713 819 1740 mortem
835 1717 953 1740 severe
968 1703 1217 1741 vindicandam

145 1769 358 1807 censebant:
389 1769 451 1805 sed
469 1782 513 1805 ex
533 1768 699 1804 omnibus
714 1781 879 1804 maxume
899 1767 1082 1805 Aemilius
1104 1769 1219 1805 Scau-

145 1848 218 1878 rus,
237 1833 348 1870 homo
369 1832 511 1877 nobilis,
540 1832 706 1883 impiger,
726 1831 914 1876 factiosus,
943 1833 1067 1871 avidus
1087 1843 1218 1884 poten-

144 1899 230 1943 tiae,
258 1898 419 1942 honon's,
447 1898 678 1941 divitiarum3
707 1906 867 1934 ceterum
886 1897 972 1934 vitia
1000 1911 1062 1934 sua
1088 1897 1215 1936 callide

145 1962 346 2001 occultans.
406 1963 457 2007 Is,
477 1970 671 2012 postquam
685 1961 782 1998 videt
803 1961 897 2013 regis
916 1961 1145 2013 larg-itionem
1165 1961 1220 1999 fa-

147 2040 283 2065 mosam
297 2026 631 2076 impudentemque,
651 2026 798 2070 veritus,
819 2027 917 2076 quod
933 2026 967 2063 in
983 2026 1046 2064 tali
1062 2041 1098 2064 re
1116 2021 1221 2070 so’let,

149 2105 192 2128 ne
224 2091 366 2142 polluta
396 2090 543 2128 licentia
561 2090 729 2126 inw'diam
748 2090 974 2135 accenderet,
1012 2091 1171 2128 animum
1201 2102 1227 2126 a·

151 2165 325 2194 consueta
342 2156 505 2194 lubidine
524 2153 715 2192 continuit.
