1497 2689
274 295 350 334 160
467 293 782 334 SALLUSTII
812 296 1152 336 JUGURTHA.

269 406 378 450 nimo,
399 406 469 443 fnit
487 421 495 443 :
528 408 589 443 sed
609 421 692 443 cum
707 416 823 444 turma
845 423 919 452 sua,
940 424 1046 459 quam
1066 424 1110 447 ex
1123 409 1338 448 fortissumis

268 473 396 523 magis,
426 485 531 521 quam
561 471 864 516 familiarissumis,
892 483 1089 522 paraverat,
1118 475 1238 525 vagari
1257 488 1339 524 pas-

269 537 361 580 sim;
391 550 432 572 ac
457 536 565 572 modo
597 535 844 573 laborantibus
877 537 946 573 suis
976 552 1196 582 succurrere,
1225 538 1336 574 modo

268 600 395 644 hostis,
424 600 484 636 ubi
505 599 769 636 confertissumi
789 600 1019 644 obstiterant,
1046 602 1232 639 invadere:
1265 615 1341 638 ma-

246 679 316 700 ·nn
335 664 520 701 consulere
548 664 734 708 militibus,
774 665 942 713 qnoniam
974 666 1159 715 imperare,
1187 677 1337 704 contur-

267 729 359 765 batis
378 729 558 771 omnibus,
589 743 657 764 non
679 738 836 778 poterat.
893 730 1046 779 Jamque
1066 731 1139 767 dies
1172 745 1341 768 consum-

267 801 326 829 tus
345 801 434 836 erat‚
464 807 546 829 cum
566 802 684 830 tamen
701 793 840 829 barbari
872 793 960 830 nihil
990 795 1186 840 remittere,
1214 805 1342 846 atque,

266 858 320 895 uti
339 872 442 907 reges
462 867 733 906 praeceperant,
762 867 906 895 noctem
940 873 1006 908 pro
1040 873 1076 895 se
1108 860 1189 903 rati,
1217 861 1336 897 acrius

266 925 410 961 instare.
478 923 579 960 Tum
612 922 752 960 Marius
785 937 829 960 ex
863 924 969 973 copia
1001 938 1118 961 rerum
1151 924 1341 961 consilium

266 990 391 1032 trahit,
432 997 556 1038 atque,
586 988 639 1024 uti
670 988 740 1024 suis
770 989 932 1038 receptui
963 987 1065 1024 locus
1098 998 1204 1032 esset,
1232 988 1336 1027 collis

265 1056 356 1091 duos
377 1054 601 1104 propinquos
620 1053 714 1089 inter
732 1067 768 1089 se
786 1061 944 1102 occupat
963 1068 972 1090 :
1003 1067 1157 1102 quorum
1190 1054 1226 1089 in
1251 1067 1338 1098 uno,

266 1120 391 1156 castris
410 1132 537 1168 parum
556 1117 689 1167 amplo,
710 1117 790 1154 fons
810 1131 923 1167 aquae
943 1131 1094 1168 magnus
1113 1128 1188 1155 erat
1206 1134 1217 1164 ;
1247 1118 1340 1156 alter

267 1183 345 1221 usui
365 1191 608 1232 opportunus,
637 1181 733 1231 quia,
766 1195 897 1232 magna
916 1191 1019 1231 parte
1037 1182 1156 1218 editus
1176 1191 1212 1220 et
1237 1196 1343 1233 prae-

266 1261 365 1297 ceps,
394 1260 510 1296 pauca
530 1245 749 1282 munimenta
769 1246 976 1296 quaerebat.
1035 1246 1209 1283 Ceterum
1239 1247 1337 1296 apud

266 1325 396 1361 aquam
420 1310 556 1347 Sullam
576 1323 659 1346 cum
679 1309 862 1358 equitibus
883 1318 1027 1346 noctem
1051 1311 1190 1361 agitare
1217 1311 1337 1362 Jubet.

268 1377 353 1425 Ipse
373 1375 561 1425 paullatim
581 1374 759 1423 dispersos
780 1372 922 1417 milites,
952 1388 1069 1423 neque
1087 1374 1204 1411 minus
1224 1374 1338 1411 hosti-

266 1443 334 1478 bus
354 1440 595 1483 conturbatis,
623 1439 657 1474 in
678 1451 787 1474 unum
816 1438 1027 1475 contrahit:
1070 1438 1152 1475 dein
1187 1448 1341 1475 cunctos

264 1506 372 1556 pleno
393 1505 508 1556 gradu
527 1503 561 1539 in
583 1502 712 1540 collem
729 1501 912 1538 subducit.
972 1502 1032 1538 Ita
1047 1515 1164 1553 reges,
1183 1501 1255 1539 loci
1270 1502 1342 1540 dif-

265 1569 429 1608 ficultate
449 1567 581 1611 coacti,
610 1566 747 1616 proelio
779 1566 1033 1612 deterrentur3
1067 1581 1184 1617 neque
1217 1576 1337 1605 tamen

266 1646 348 1671 suos
368 1633 512 1683 longius
532 1631 628 1668 abire
659 1630 794 1674 sinunt,
824 1630 898 1673 sed,
927 1640 1084 1681 utroque
1103 1630 1195 1668 colle
1216 1631 1341 1668 multi-

266 1697 392 1734 tudine
412 1695 651 1738 circumdato,
679 1694 781 1731 effusi
811 1694 1016 1731 consedere.
1075 1695 1174 1732 Dein
1207 1695 1340 1732 crebris

265 1762 410 1813 ignibus
430 1760 550 1803 factis,
578 1758 790 1808 plerumque
819 1759 936 1795 noctis
965 1759 1106 1796 barbari
1140 1774 1205 1797 suo
1238 1774 1339 1798 more

265 1827 404 1869 laetari,
432 1823 626 1867 exsultare,
655 1831 813 1872 strepere
833 1823 982 1859 vocibus
1000 1838 1009 1860 ε
1031 1823 1098 1873 ipsi
1113 1823 1224 1862 duces
1243 1823 1343 1861 fero-

266 1905 339 1934 ces,
370 1890 454 1940 quia
474 1903 544 1925 non
566 1888 748 1938 fugerent,
777 1901 844 1936 pro
865 1887 1065 1924 victoribus
1086 1901 1205 1939 agere.
1265 1888 1340 1926 Sed

266 1969 308 1992 ea
328 1963 460 1991 cuncta
483 1951 655 1990 Romanis
674 1965 717 1988 ex
750 1950 907 1988 tenebris
939 1959 976 1988 et
1007 1951 1219 1990 editioribus
1249 1951 1342 1990 locis

272 2018 391 2056 facilia
411 2018 501 2061 visu,
530 2030 737 2068 magnoque
757 2016 1002 2061 hortamento,
1021 2025 1135 2053 erant.

324 2143 478 2186 XCIX,
509 2147 756 2186 hommum
775 2161 862 2185 vero
891 2146 1034 2186 Marius
1057 2146 1239 2197 imperitia
1254 2147 1348 2186 hoo-r
