1497 2689
227 295 303 336 174
422 291 734 332 SALLUSTII
762 286 1104 334 JUGURTHA.-

225 407 384 450 Deinde,
414 407 474 443 ubi
503 407 577 443 dies
605 406 762 449 advenit,
789 416 826 443 et
859 407 890 444 ei
910 408 1118 445 nunciatum
1143 414 1198 444 est
1225 407 1295 444 Ju's

224 474 395 523 gui-tham
416 471 512 507 haud
540 471 667 521 procul
681 472 822 515 abesse,
851 486 933 509 cum
961 473 1085 521 paucis
1114 470 1234 508 amicis
1253 478 1291 507 et

225 546 414 587 quaestore
435 545 572 580 nostro,
601 537 700 586 quasi
721 536 848 573 obvius
876 536 1022 573 honoris
1041 549 1176 579 caussa,
1205 549 1294 585 pro-

225 602 321 638 cedit
360 602 393 636 in
428 600 622 643 tumulum,
658 599 879 637 facillumum
916 600 993 636 visu
1029 600 1289 637 insidiantibus.

226 664 368 701 Eodem
392 664 549 702 Numida
570 663 650 701 cum
673 663 851 713 plerisque
872 664 1072 701 necessariis
1092 664 1176 707 suis,
1204 664 1296 700 iner-

225 744 317 773 mus,
340 739 377 766 ut
399 729 550 771 dictum,
572 729 711 765 accedit
730 743 739 772 ;
770 741 810 764 ac
831 728 964 769 statim,
986 727 1088 778 signo
1109 727 1209 772 dato,
1229 741 1292 763 un-

226 795 333 843 dique
354 793 457 830 simul
476 807 521 830 ex
537 792 670 829 insidiis
685 791 875 828 invaditur.
920 791 1042 829 Ceteri
1058 791 1290 828 obtruncati:

226 858 412 909 Jugurtha
433 856 552 893 Sullae
572 856 713 894 vinctus
732 855 900 900 traditur,
927 865 965 892 et
984 856 1029 892 ab
1049 869 1092 892 eo
1113 855 1158 891 ad
1182 854 1294 892 Mari·

227 937 289 959 um
308 924 499 959 deductus.

281 1051 432 1090 CXIV.
456 1051 538 1088 PER
553 1050 647 1087 idem
661 1058 804 1099 tempus
820 1050 1010 1086 advorsum
1027 1047 1156 1087 Gallos
1171 1049 1215 1085 ab
1231 1048 1298 1085 du-

231 1116 335 1154 cibus
367 1115 511 1159 nostris,
542 1116 592 1164 Q.
635 1114 818 1163 Caepione
861 1123 898 1151 et
927 1113 984 1151 M.
1015 1113 1170 1158 Manlio,
1208 1112 1298 1150 male

229 1188 436 1231 pugnatum
465 1195 476 1224 3
506 1193 579 1228 quo
612 1186 711 1214 metu
742 1178 848 1214 Italia
880 1178 993 1215 omnis
1019 1187 1297 1215 contremuerat.

232 1244 365 1293 Illique
393 1252 445 1287 et,
476 1242 558 1279 inde
588 1243 630 1278 ad
653 1251 811 1278 nostram
831 1242 1049 1286 memoriam,
1073 1242 1229 1279 Romani
1248 1241 1299 1278 sic

228 1309 414 1346 habuere:
445 1307 512 1345 alia
544 1307 663 1344 omnia
693 1307 817 1344 virtuti
850 1322 931 1345 suae
951 1322 1064 1358 prona
1083 1322 1187 1353 esse;
1216 1320 1299 1345 cum

231 1373 349 1413 Gallis
390 1387 456 1422 pro
491 1371 618 1416 salute,
647 1385 717 1408 non
748 1386 814 1420 pro
847 1371 975 1422 gloria,
1004 1381 1153 1409 certare.
1213 1372 1301 1416 Sed,

230 1446 426 1487 postquam
454 1435 590 1472 bellum
614 1435 649 1471 in
671 1435 843 1472 Numidia
861 1435 1083 1480 confectum,
1111 1445 1147 1472 et
1166 1436 1302 1487 Jugur-

230 1502 332 1538 tham
347 1501 509 1537 vinctum
524 1499 655 1536 adduci
671 1499 827 1536 Romam
843 1499 1053 1536 nunciatum
1072 1508 1140 1543 est,
1161 1498 1305 1537 Marius

230 1565 358 1603 consul
378 1565 504 1602 absens
524 1563 657 1607 factus,
676 1572 713 1600 et
732 1564 763 1600 ei
783 1564 929 1601 decreta
948 1564 1129 1614 provincia
1149 1564 1272 1602 Gallia
1289 1572 1299 1601 τ’

233 1629 336 1679 isque
361 1627 537 1665 Kalendis
555 1627 729 1665 januariis
748 1641 878 1679 magna
897 1628 1013 1680 gloria
1032 1627 1157 1665 consul
1175 1627 1302 1665 trium-

233 1694 372 1744 phavit.
432 1693 490 1730 Ea
521 1701 739 1742 tempestate
759 1707 838 1742 spes
858 1702 967 1743 atque
987 1708 1074 1744 opes
1093 1693 1248 1732 civitatis
1266 1694 1306 1746 ist!

232 1755 294 1796 illo
315 1758 414 1796 sitae,

1045 1995 1090 2033 C.
1116 1993 1302 2032 CRISPI
