1497 2689
232 308 306 345 142
424 307 737 347 SALLUSTII
767 308 1109 349 JUGURTHA.

224 419 332 470 gulos
351 421 476 465 modo,
497 422 606 458 modo
627 422 808 459 universos
827 422 991 460 laedere:
1023 422 1203 466 dictitare,
1225 435 1301 461 sese

225 484 453 522 consulatum
468 499 511 521 ex
528 485 630 522 victis
646 485 714 522 illis
729 486 843 536 spolia
856 487 1012 537 cepisse;
1033 486 1100 523 alia
1113 495 1299 537 praeterea

224 550 415 600 magnifica
445 564 513 599 pro
544 564 593 594 se,
624 559 661 587 et
692 549 758 586 illis
786 550 959 587 dolentia.
1017 551 1183 596 Interim,
1206 564 1298 601 quae

220 613 314 650 bello
334 628 426 664 opus
445 624 560 658 erant,
579 614 692 664 prima
712 615 867 651 habere:
889 614 1072 663 postulare
1091 614 1296 666 legionibus

219 677 522 727 supplementum,
551 678 680 715 auxilia
695 693 715 715 a
733 677 878 728 populis
896 686 934 714 et
953 678 1100 729 regibus
1118 679 1296 729 sociisque

217 755 422 780 arcessere:
452 752 637 792 praeterea
666 757 710 780 ex
746 743 859 779 Latio
890 741 1139 780 fortissumum
1170 758 1298 794 quem-

218 819 302 854 que,
318 806 507 856 plerosque
526 807 684 851 militiae,
704 820 840 856 paucos
855 806 949 843 fama
963 807 1148 858 cognitos,
1167 808 1299 852 accire,

217 879 254 906 et
273 870 462 907 ambiendo
482 885 615 922 cogere
640 871 801 907 homines
821 870 978 908 emeritis
1006 871 1193 920 stipendiis
1220 874 1299 922 [se-

216 948 299 971 cum
332 935 555 984 proficisci]
639 936 771 985 Neque
803 935 852 972 illi
884 944 1043 980 senatus,
1077 950 1295 987 quamquam

215 998 387 1035 advorsus
420 1008 510 1048 erat,
563 1000 608 1036 de
641 999 716 1036 ullo
748 1000 899 1051 negotio
933 1000 1088 1037 abnuere
1121 1001 1294 1045 audebat,

215 1071 377 1099 ceterum
397 1063 687 1112 supplementum
702 1064 809 1101 etiam
824 1064 939 1101 laetus
955 1065 1161 1101 decreverat
1178 1080 1187 1103 :
1210 1064 1295 1115 quia

215 1140 331 1176 neque
350 1127 448 1176 plebi
468 1127 594 1164 militia
612 1128 746 1165 volenti
766 1129 979 1178 putabatur,
1009 1137 1046 1165 et
1067 1128 1209 1166 Marius
1228 1138 1292 1166 aut

214 1191 300 1228 belli
322 1205 437 1235 usum,
466 1200 528 1228 aut
548 1192 667 1229 studia
687 1192 799 1243 volgi,
820 1192 1025 1229 amissurus.
1086 1193 1159 1230 Sed
1179 1206 1219 1229 ea
1241 1205 1296 1230 res

214 1255 347 1293 frustra
367 1266 509 1306 sperata
527 1273 537 1302 ;
566 1266 667 1294 tanta
686 1257 812 1293 lubido
831 1257 915 1293 cum
945 1256 1065 1294 Mario
1085 1257 1194 1293 eundi
1218 1256 1295 1307 ple-

213 1334 343 1370 rosque
371 1321 558 1357 invaserat.
618 1322 703 1358 Sese
731 1321 882 1370 quisque
911 1321 1043 1370 praeda
1069 1319 1292 1370 locupletem

213 1384 387 1421 victorem
403 1385 550 1422 domum
570 1386 782 1429 rediturum,
803 1386 869 1422 alia
884 1385 1148 1437 hujuscemodi,
1167 1385 1294 1422 animis

212 1449 406 1486 trahebant
424 1465 434 1487 :
463 1459 500 1486 et
521 1464 582 1486 eos
602 1464 673 1486 non
693 1450 854 1500 paullum
873 1451 1035 1487 oratione
1057 1464 1120 1487 sua
1148 1451 1290 1488 Marius

213 1522 405 1550 arx-exerat.
464 1514 574 1558 Nam,
600 1523 809 1564 postquam,
840 1514 1020 1558 omnibus,
1053 1528 1144 1565 quae
1163 1524 1293 1564 postu-

211 1577 358 1621 laverat,
379 1578 547 1623 decretis,
567 1578 698 1614 milites
719 1579 873 1615 scribere
888 1578 979 1622 volt,
997 1579 1167 1616 hortandi
1187 1593 1291 1616 caus-

213 1656 249 1678 sa
269 1641 386 1685 simul,
406 1651 443 1679 et
458 1642 701 1686 nobilitatem,
721 1643 774 1679 uti
795 1653 1044 1687 consueverat,
1063 1644 1288 1695 exagitandi,

213 1706 424 1743 concionem
457 1705 584 1756 populi
616 1706 816 1744 advocavit.
893 1707 1040 1752 Deinde
1073 1708 1144 1746 hoc
1178 1709 1288 1751 mon

214 1770 379 1817 disseruit
398 1786 407 1811 ς

266 1900 482 1938 LXXXV.
541 1906 566 1926 ‘³
588 1901 687 1938 Sem
708 1887 793 1953 ςέο,
814 1902 989 1952 Quirites,
1009 1902 1201 1953 plerosque
1217 1917 1287 1945 non

212 1965 325 2001 isdem
345 1965 482 2001 artibus
501 1965 690 2016 imperium
706 1980 725 2002 :1
744 1967 844 2003 vobis
864 1976 1002 2017 petere,
1021 1976 1072 2011 et,
1092 1976 1288 2018 postquam

212 2029 335 2078 adepti
351 2038 447 2073 sunt,
468 2044 617 2080 gerere:
647 2030 763 2081 primo
779 2031 987 2076 industrios,
1008 2032 1191 2082 supplicis,
1211 2047 1292 2069 mo-

213 2093 312 2130 dicos
331 2107 407 2130 esse
426 2109 435 2138 ;
465 2095 596 2131 dehinc
616 2109 681 2144 per
699 2096 878 2147 ignaviam
897 2106 934 2134 et
959 2098 1162 2148 superbiam
1193 2107 1292 2136 aeta-

212 2169 285 2201 tem
305 2173 412 2210 agere
430 2174 438 2196 :
470 2159 533 2199 sed
552 2160 639 2197 mihi
659 2169 786 2197 contra
805 2174 846 2198 ea
865 2161 1019 2201 videtur.
1078 2162 1188 2208 Nam,
1214 2176 1288 2214 quo
