1451 2719
287 310 356 348 SA
364 305 599 348 LLUSTII
645 306 1030 349 FRAGMENTA.
1119 311 1194 346 203

127 432 236 472 quam
254 434 378 458 omnes
397 421 455 458 alii
475 422 584 459 creati
611 437 676 472 pro
700 425 780 474 jure
800 431 917 459 vestro
936 421 1006 457 vim
1025 428 1196 458 cunctam

129 495 167 523 et
186 485 333 536 imperia
353 500 429 530 sua,
460 487 589 538 gratia,
616 497 678 524 aut
699 502 774 537 spe,
800 496 862 524 aut
882 486 1061 536 praemiis,
1080 485 1114 522 in
1135 498 1198 522 vos

129 558 370 594 convortere;
401 550 597 600 meliusque
625 552 759 589 habent
789 551 950 588 mercede
978 549 1198 599 delinquere,

130 627 238 663 quam
259 614 372 665 gratis
393 624 491 651 recta
511 614 640 652 facere.
700 616 829 665 Itaque
848 628 972 652 omnes
991 627 1199 652 concessere

123 679 199 728 Jam
219 677 253 713 in
274 691 472 727 paucorum
492 679 786 723 dominationem,
802 678 862 730 qui
882 692 947 729 per
965 677 1116 715 militare
1135 692 1200 714 no-

128 754 208 778 men
221 741 408 786 aerarium,
420 743 613 787 exercitus,
622 743 949 795 regna,provincias
961 754 1201 792 occupavere,

126 814 163 841 et
185 818 302 842 arcem
317 805 451 843 habent
466 820 510 843 ex
527 806 649 856 spoliis
665 807 810 845 vestris:
832 821 915 844 cum
929 807 1085 851 interim,
1101 820 1199 843 more

128 883 317 918 pecorum,
340 884 400 906 vos
418 870 614 907 multitudo
630 871 777 922 singulis
796 871 994 915 habendos,
1014 870 1201 908 fruendos-

130 948 216 984 que,
228 935 421 984 praebetis,
440 935 540 972 exuti
554 936 720 973 omnibus
735 949 826 986 quae
842 938 991 988 majores
1006 934 1198 985 reliquere:

133 998 199 1034 nisi
219 998 304 1049 quia
323 999 498 1036 vobismet
519 1000 585 1049 ipsi
604 1014 669 1049 per
688 999 871 1051 suffragia,
892 1000 945 1036 uti
966 999 1144 1049 praesides
1163 1012 1206 1035 o-

129 1061 205 1105 lim,
225 1076 319 1099 nunc
338 1062 503 1099 dominos
522 1063 721 1100 destinatis.
763 1064 894 1113 Itaque
909 1076 1116 1100 concessere
1130 1062 1204 1100 illic

130 1139 283 1163 omnes:
312 1135 350 1163 et
380 1139 479 1170 mox,
511 1127 539 1163 si
558 1136 674 1163 vestra
694 1127 912 1177 receperitis,
943 1127 988 1163 ad
1009 1140 1069 1163 vos
1097 1125 1205 1176 pleri-

129 1204 212 1240 que,
258 1190 365 1243 (raris
394 1191 489 1227 enim
517 1191 654 1227 animus
683 1199 738 1228 est
766 1192 812 1228 ad
839 1205 892 1235 ea,
923 1205 1013 1241 quae
1041 1191 1201 1241 placent,

133 1254 405 1306 defendendaz)
429 1263 548 1292 cetera
567 1254 778 1292 validiorum
805 1264 899 1292 sunt.
957 1256 1023 1292 An
1054 1255 1205 1293 dubium

131 1318 285 1363 habetis,
314 1333 357 1356 ne
376 1319 533 1356 obficere
555 1319 642 1368 quid
662 1319 763 1356 vobis
783 1333 854 1357 uno
875 1319 993 1356 animo
1020 1320 1206 1371 pergenti-

130 1384 198 1420 bus
218 1383 348 1433 possit,
376 1396 469 1432 quos
488 1382 678 1434 languidos
698 1384 936 1433 secordesque
958 1384 1174 1433 pertimuere
1191 1384 1205 1420 ?

133 1447 198 1484 nisi
226 1446 320 1484 forte
349 1447 395 1485 C.
426 1447 554 1490 Cotta,
581 1461 626 1483 ex
655 1446 813 1484 factione
839 1448 956 1484 media
974 1447 1114 1492 consul,
1142 1447 1206 1484 ali-

131 1520 203 1555 ter,
235 1525 344 1562 quam
378 1520 490 1555 metu,
519 1513 602 1562 jura
629 1512 804 1561 quaedam
837 1510 990 1548 tribunis
1022 1511 1074 1561 pl.
1103 1511 1208 1548 resti-

134 1575 220 1613 tuit.
278 1576 345 1619 Et,
366 1588 582 1625 quamquam
602 1574 652 1612 L.
672 1575 839 1619 Sicinius,
867 1576 1001 1626 primus
1021 1576 1066 1612 de
1076 1583 1208 1625 -potes-

135 1646 212 1677 tate
240 1639 326 1676 trib.
356 1638 457 1689 loqui
486 1652 606 1682 ausus,
638 1640 878 1677 mussantibus
906 1640 1021 1683 vobis,
1053 1639 1208 1677 circum-

135 1712 262 1741 ventus
277 1711 378 1747 erat;
400 1711 516 1739 tamen
538 1703 637 1752 prius
652 1702 701 1739 illi
720 1703 888 1740 invidiam
909 1713 1080 1748 metuere,
1100 1717 1208 1754 quam

135 1780 200 1804 vos
220 1766 365 1818 injuriae
393 1776 595 1816 pertaesum
614 1776 682 1803 est.
740 1767 854 1817 Quod
871 1781 943 1818 ego
962 1781 1102 1818 nequeo
1123 1768 1208 1804 satis

137 1831 268 1874 mirari,
289 1830 464 1880 Quirites.
524 1830 620 1868 Nam
643 1844 743 1881 spem
762 1830 898 1868 frustra
917 1830 1025 1869 fuisse
1044 1831 1209 1869 intellex-

136 1893 228 1932 istis.
289 1893 389 1932 Sulla
418 1903 578 1938 mortun,
607 1895 669 1944 qui
690 1894 881 1932 scelestum
901 1895 1121 1945 imposuerat
1141 1909 1212 1932 ser-

138 1958 278 2002 vitium,
298 1958 405 1995 finem
425 1957 506 1994 mali
526 1958 738 1995 credebatis.
798 1959 914 1997 Ortus
932 1969 987 1997 est
1005 1959 1115 2011 longe
1135 1973 1210 1997 sae-

138 2022 216 2059 vior
234 2022 400 2061 Catulus.
458 2022 659 2060 Tumultus
688 2022 904 2067 intercessit,
935 2023 1052 2061 Bruto
1072 2031 1110 2060 et
1130 2024 1212 2061 Ae-

139 2086 238 2123 milio
258 2086 447 2124 Mamerco
461 2087 566 2125 Coss.
583 2086 665 2123 dein
681 2086 727 2124 C.
745 2087 858 2125 Curio
873 2088 919 2124 ad
933 2087 1084 2125 exitium
1099 2101 1211 2138 usque

139 2150 290 2188 insontis
309 2151 444 2189 tribuni
465 2151 670 2188 dominatus
694 2160 762 2188 est.
822 2151 1004 2192 Lucullus
1032 2152 1212 2203 superiore

614 2214 646 2251 C
675 2227 694 2250 c
724 2216 749 2250 2
