1497 2689
164 324 213 360 98
360 317 675 358 SALLUSTII
704 317 1048 360 JUGURTHA.

167 432 312 470 insidias
332 432 462 469 tendit.
536 432 660 483 Igitur
680 446 771 469 unus
790 436 834 469 ex
855 448 899 470 eo
919 446 1083 476 numero,
1115 430 1178 481 qui
1198 428 1248 467 ad

169 498 316 534 caedem
337 497 467 547 parati,
496 495 619 546 paullo
639 496 878 534 inconsultius
898 497 1095 535 Massivam
1116 495 1248 546 adgre-

170 562 282 605 ditur,
302 560 404 597 illum
423 561 646 598 obtruncat:
669 561 730 597 sed
750 561 827 610 ipse
847 562 1103 611 deprehensuS,
1124 559 1249 596 multis

171 626 418 669 hortantibus,
449 634 487 662 et
506 625 541 661 in
566 625 690 675 primis
712 625 856 662 Albino
887 626 1048 670 consule,
1075 624 1250 661 indicium

171 692 380 742 profitetur.
440 691 502 727 Fit
517 704 597 727 reus
614 690 728 740 magis
743 704 786 727 ex
803 704 920 740 aequo
935 691 1120 739 bonoque,
1141 702 1251 739 quam

172 771 217 793 ex
233 759 314 808 jure
335 755 514 806 gentium,
537 753 734 798 Bomilcar,
755 769 876 792 comes
896 758 985 806 ejus,
1006 754 1068 804 qui
1091 754 1249 791 Romam

174 821 246 857 fide
267 819 414 870 publica
430 827 586 855 venerat.
631 818 691 854 At
711 819 911 869 Jugurffla,
932 818 1143 855 manifestus
1159 817 1252 855 tanti

174 883 331 926 sceleris,
363 897 433 919 non
455 883 555 932 prius
585 882 704 919 omisit
737 892 866 920 contra
885 897 1007 921 verum
1034 883 1115 927 niti,
1147 894 1258 931 quam

174 949 332 985 animum
349 948 523 990 advortit,
537 960 644 997 supra
657 947 811 997 gratiam
827 956 937 998 atque
950 948 1142 998 pecuniam
1160 959 1260 983 suam

177 1013 346 1049 invidiam
368 1011 456 1048 facti
476 1025 564 1048 esse,
615 1011 752 1061 Igitur,
774 1026 995 1062 quamquam
1009 1012 1043 1048 in
1063 1011 1183 1061 priore
1198 1023 1259 1047 ac-

178 1078 277 1114 tione
298 1090 342 1113 ex
373 1076 496 1112 amicis
522 1075 790 1126 quinquaginta
809 1077 916 1114 vades
937 1078 1085 1114 dederat
1102 1091 1112 1121 ;
1143 1088 1258 1127 regno

177 1142 306 1193 magis,
337 1154 445 1190 quarn
467 1140 632 1184 vadibus,
651 1140 854 1185 consulens,
875 1141 969 1178 clam
989 1142 1023 1177 in
1045 1140 1258 1178 Numidiam

179 1206 422 1245 Bomilcarem
443 1195 611 1248 dimittit,
642 1205 791 1249 veritus,
823 1220 867 1242 ne
887 1205 1045 1255 reliquos
1072 1203 1262 1254 popularis

178 1280 297 1308 metus
326 1269 512 1306 invaderet
543 1269 693 1318 parendi
724 1269 804 1313 sibi,
836 1270 864 1306 si
885 1271 929 1306 de
949 1269 1010 1306 illo
1035 1268 1258 1318 supplicium

180 1343 341 1372 sumtum
362 1333 470 1369 foret.
529 1332 583 1369 Et
598 1333 675 1381 ipse
695 1333 820 1382 paucis
836 1334 964 1370 diebus
984 1332 1173 1383 profectus
1188 1340 1258 1375 est,

176 1403 296 1452 jussus
326 1399 371 1435 ab
403 1406 529 1434 senatu
562 1397 670 1433 Italia
701 1397 887 1434 decedere.
947 1397 1034 1441 Sed,
1063 1405 1261 1446 postquam

185 1465 306 1502 Roma
325 1475 490 1513 egressus
509 1469 578 1504 est,
609 1459 739 1505 fertur,
771 1475 875 1511 saepe
895 1476 938 1498 eo
957 1461 1094 1498 tacitus
1113 1459 1264 1510 respici-

181 1542 257 1572 ens,
287 1535 474 1577 postremo
504 1524 651 1569 dixisse,
684 1525 828 1562 Urbem
858 1525 1033 1570 venalem,
1065 1534 1102 1562 et
1122 1532 1264 1561 mature

183 1593 396 1644 perituram,
417 1590 444 1627 si
463 1598 667 1639 emptorem
685 1589 872 1627 invenerit.

239 1721 440 1760 XXXVI.
493 1720 683 1757 INTER1M
727 1719 904 1763 Albinus,
942 1727 1115 1756 renovato
1151 1716 1264 1761 bello,

186 1794 443 1829 commeatum,
474 1784 710 1832 stipendium,
744 1783 823 1827 alia,
853 1797 943 1833 quae
977 1782 1150 1819 militibus
1184 1781 1265 1818 usui

185 1852 320 1895 forent,
349 1857 507 1886 maturat
526 1849 561 1884 in
590 1847 761 1885 Africam
782 1858 927 1898 portare
945 1863 955 1892 3
984 1861 1025 1883 ac
1046 1846 1169 1883 statim
1189 1845 1267 1895 ipse

186 1917 389 1969 profectus,
419 1915 473 1952 uti
493 1923 576 1950 ante
597 1912 756 1956 comitia,
786 1913 887 1962 quod
906 1921 1050 1961 tempus
1069 1910 1170 1947 haud
1188 1909 1267 1946 lon-

188 1997 234 2034 ge
264 1982 402 2023 aberat,
431 1979 550 2022 armis,
579 1986 640 2014 aut
675 1977 873 2021 deditione,
902 1984 965 2013 aut
999 1974 1126 2025 quovis
1155 1974 1266 2010 modo

187 2048 323 2087 bellum
356 2046 566 2083 conficeret.
624 2043 699 2086 At,
732 2051 872 2086 contra,
905 2041 1092 2093 ,Iugurtha
1126 2039 1270 2076 trahere

189 2114 322 2157 omnia,
349 2120 386 2149 et
407 2110 504 2153 alias,
532 2106 661 2145 deinde
689 2107 774 2144 alias
802 2121 922 2143 morae
950 2119 1092 2143 caussas
1119 2103 1238 2141 facere
1257 2118 1269 2141 :-

188 2177 351 2229 polliceri
370 2174 606 2217 deditionem‚
626 2186 668 2210 ac
688 2171 817 2209 deinde
836 2179 974 2209 metum
995 2168 1161 2207 simulare
1178 2182 1191 2205 ι
1217 2166 1277 2203 ἰηι
