1451 2719
354 278 671 318 SALLUSTII
702 275 1017 319 CATILINA.
1186 286 1238 323 49

150 389 265 428 ciatis.
293 389 536 428 Misereamini
549 405 697 438 censeo;
718 393 898 443 deliquere
914 392 1076 430 homines
1088 393 1227 432 adoles·

148 453 283 493 centuli
297 468 362 504 per
373 456 604 493 ambitionem
619 472 629 501 ;
650 467 759 507 atque
773 459 881 495 etiam
896 466 1051 495 armatos
1065 458 1226 496 dimitta-

147 520 206 558 tis.
237 520 317 558 Nae
331 520 401 558 ista
416 521 518 558 vobis
533 523 785 567 mansuetudo,
801 531 838 560 et
853 519 1107 566 misericordia,
1128 522 1156 559 si
1174 522 1226 560 illi

146 596 244 621 arma
257 584 432 634 ceperint,
447 585 481 621 in
495 585 669 622 miseriam
682 596 810 624 vertet.
862 586 1010 623 Scilicet
1025 600 1080 623 res
1099 599 1224 636 aspera

147 658 216 693 est,
245 649 308 686 sed
328 662 388 686 vos
408 663 478 686 non
502 650 636 687 timetis
656 664 745 687 eam.
796 651 914 687 Immo
929 663 1012 687 vero
1028 663 1193 687 maxume
1211 666 1222 696 ς

148 713 210 750 sed
238 713 364 750 inertia
383 720 420 751 et
440 714 590 750 mollitia
604 715 725 759 animi,
754 714 843 752 alius
863 714 985 758 alium,
1009 723 1224 764 exspectan-

146 787 201 815 tes
220 778 454 822 cunctamini,
482 780 538 816 dis
567 779 829 817 immortalibus
862 779 1001 823 confisi,
1034 779 1097 829 qui
1129 775 1222 816 hanc

145 842 404 893 rempublicam
423 843 457 879 in
492 843 667 881 maxumis
691 857 796 894 saepe
829 843 997 894 periculis
1027 856 1221 880 servavere.

147 907 232 945 Non
252 907 359 951 votis,
389 922 504 958 neque
525 908 709 959 suppliciis
729 908 962 945 muliebribus
981 907 1112 944 auxilia
1135 909 1223 944 deo-

143 985 223 1008 rum
239 980 435 1021 parantur:
467 972 664 1023 vigilando,
685 973 842 1024 agendo,
874 974 966 1010 bene
999 972 1223 1010 consulendo

144 1049 316 1086 prospera
333 1035 452 1072 omnia
471 1036 605 1073 cedunt
623 1052 633 1074 :
664 1038 725 1074 ubi
745 1037 925 1074 secordiae
940 1046 977 1074 te
997 1046 1106 1087 atque
1121 1037 1222 1088 igna-

145 1100 220 1136 viae
238 1099 441 1144 tradideris,
469 1100 713 1150 nequidquam
734 1101 820 1138 deos
848 1101 1041 1150 implores3
1071 1101 1152 1137 irati
1171 1102 1224 1137 in-

145 1163 302 1213 festique
322 1172 418 1200 sunt.
440 1152 612 1213 4Apud
644 1167 794 1216 majores
813 1174 956 1202 nostros
985 1165 1036 1201 T.
1060 1163 1221 1203 Manlius

145 1226 360 1278 Torquatus
379 1226 475 1264 bello
497 1227 644 1266 Gallico
664 1228 778 1266 filium
807 1243 923 1274 suum,
953 1229 1054 1279 quod
1087 1230 1116 1266 is
1136 1243 1225 1266 con-

144 1300 200 1329 tra
220 1292 410 1342 imperium
436 1292 471 1328 in
502 1293 645 1330 hostem
673 1303 912 1344 pugnaverat,
941 1294 1059 1331 necari
1087 1294 1223 1345 jussit3

144 1365 255 1407 atque
273 1356 333 1394 ille
351 1356 522 1408 egregius
540 1355 748 1395 adolescens
762 1358 1018 1395 immoderatae
1037 1357 1226 1395 fortitudi-

143 1420 198 1458 nis
216 1429 333 1457 morte
353 1434 487 1471 poenas
507 1421 607 1458 dedit
625 1436 634 1459 :
665 1435 741 1466 vos,
761 1423 806 1460 de
825 1417 1092 1460 crudelissumis
1111 1422 1226 1472 parri-

144 1486 234 1524 cidis
253 1486 343 1536 quid
362 1485 542 1531 statuatis,
562 1486 793 1524 cunctamini.
842 1487 1025 1524 Videlicet
1037 1487 1110 1524 vita
1128 1496 1227 1525 cete-

144 1565 182 1588 ra
200 1565 325 1589 eorum
343 1551 428 1588 huic
449 1550 572 1588 sceleri
590 1551 765 1603 obstatq..
784 1551 923 1591 Verum
943 1551 1082 1601 parcite
1105 1549 1225 1603 digni-

144 1617 212 1654 tati
233 1615 400 1660 Lentuli,
429 1616 457 1653 si
475 1616 551 1666 ipse
571 1615 781 1666 pudicitiae,
810 1615 837 1652 si
866 1614 980 1653 famae
1001 1629 1097 1660 suae,
1118 1616 1147 1652 si
1167 1616 1224 1654 dis

143 1690 207 1719 aut
225 1681 431 1719 hominibus
449 1694 622 1732 umquam
641 1680 723 1717 ullis
743 1680 930 1730 pepercit:
951 1681 1132 1731 ignoscite
1152 1681 1226 1718 Ce-

142 1746 248 1797 thegi
267 1745 542 1789 adolescentiae,
572 1745 637 1781 nisi
657 1745 790 1781 iterum
809 1744 944 1794 patriae
963 1744 1099 1782 bellum
1118 1744 1227 1782 fecit.‘

144 1811 241 1849 Nam
260 1811 350 1862 quid
373 1824 445 1862 ego
473 1810 518 1847 de
548 1808 722 1853 Gabinio,
754 1808 914 1853 Statilio,
943 1809 1140 1859 CoepariO,
1169 1808 1225 1846 lo-

144 1878 264 1927 quar?
291 1877 422 1927 quibus
465 1875 494 1913 si
519 1875 718 1925 quidquam
748 1888 919 1924 umquam
952 1874 1054 1924 pensi
1083 1872 1224 1921 fuisset,

144 1956 215 1980 non
234 1956 276 1980 ea
294 1941 443 1980 consilia
470 1941 515 1979 de
534 1939 718 1991 republica
737 1939 958 1976 habuissent.
1016 1939 1223 1980 Postremo,

145 2007 272 2044 Patres
290 2005 500 2056 conscripti,
530 2004 557 2042 si
577 2003 780 2041 mehercule
799 2012 952 2053 peccato
979 2002 1082 2040 locus
1115 2011 1224 2047 esset,

143 2070 248 2109 facile
279 2079 435 2122 paterer,
464 2084 526 2107 vos
556 2069 633 2120 ipsa
664 2076 701 2105 re
734 2062 880 2119 corrigi,
913 2067 1082 2118 quoniam
1115 2067 1221 2105 verba

142 2137 400 2182 contemnitis;
430 2136 492 2174 sed
512 2134 672 2184 undique
702 2133 935 2171 circumventi
955 2145 1088 2170 sumus.
1150 2132 1224 2170 Ca-

654 2197 698 2236 G,
