1451 2719
269 286 582 325 SALLUSTII
614 284 1000 324 FRAGMENTA.
1100 288 1176 324 ‘223

111 398 205 449 qvis,
233 406 295 434 aut
316 407 466 447 propter
477 397 680 448 angustiam
701 397 848 434 scissum
867 412 876 434 ε
898 397 978 433 inde
995 395 1180 447 Rhegium

112 462 346 499 nominatum.
404 462 572 499 Isidorus.

168 526 377 576 Pompeius,
397 526 546 564 devictis
569 525 758 576 Hispanis,
778 534 927 574 tropaea
945 524 980 560 in
1002 524 1183 574 Pyrenae-

114 592 143 629 is
160 592 257 643 jugis
276 591 478 628 constituit.
535 592 691 628 Servius.

165 655 300 705 Atque
319 655 416 692 edita
433 654 605 704 undique,
632 654 748 690 tribus
763 661 882 689 tamen
897 665 981 689 cum
999 651 1122 695 muris,
1143 662 1180 687 et

116 718 256 769 magnis
276 718 447 755 turribus.
505 719 680 755 Donatus.

171 783 225 820 Et
245 783 278 818 in
299 781 440 832 proeliis
460 791 546 818 actu
566 791 744 830 promtus.
802 781 910 818 Idem.

172 848 348 885 Pactione
367 847 497 884 amisso
519 845 673 883 Publico
693 845 829 896 legato,
889 844 996 882 Idem.

174 912 302 961 Ipsum
318 924 413 948 mare
436 910 628 948 Ponticum
643 909 784 946 dulcius
804 921 912 959 quam
931 917 1063 945 cetera.
1085 910 1187 946 Set-v.

121 976 342 1013 Macrobius.
401 976 617 1012 Priscianus.

178 1039 296 1089 Equis
323 1039 420 1088 paria
441 1039 665 1088 operimenta
691 1048 792 1075 erant
811 1053 820 1075 z
851 1051 942 1088 quae
961 1037 1051 1074 linea
1070 1035 1192 1073 ferreis

120 1103 259 1140 laminis
279 1103 313 1139 in
334 1103 482 1139 modum
502 1103 645 1152 plumae
664 1103 924 1139 adnexuerant.
980 1103 1137 1140 Servius.

178 1167 306 1204 Rebus
325 1180 432 1216 supra
450 1176 576 1203 votum
603 1167 812 1203 fluentibus.
870 1167 978 1203 Idem.

176 1231 341 1273 Aenum,
361 1239 399 1267 et
420 1229 646 1273 Maroneam,
669 1239 708 1266 et
727 1230 818 1266 viam
837 1229 1039 1266 militarem.
1084 1228 1191 1266 Idem.

181 1294 435 1344 Impediebant
450 1297 550 1345 jussa
568 1303 770 1330 nautarum.
827 1293 937 1331 Idem.

178 1357 283 1396 Nihil
301 1359 463 1395 secordia
481 1357 687 1395 claudebat.
743 1358 919 1394 Donatus.

181 1423 240 1460 Ut
260 1431 361 1459 tanta
380 1431 528 1472 repente
547 1422 702 1460 mutatio
723 1436 795 1458 non
814 1421 887 1459 sine
907 1421 976 1458 deo
1004 1421 1195 1458 videretur.

129 1489 225 1528 Idem

185 1555 230 1591 In
249 1567 311 1590 ore
330 1554 502 1604 gentibus
521 1565 644 1604 agens,
664 1552 816 1603 populo,
837 1552 987 1589 civitati.
1047 1551 1154 1589 Idem.

185 1617 303 1654 Pressi
322 1617 480 1666 undique
506 1616 750 1653 multitudine.
808 1617 916 1654 Idem.

185 1680 302 1718 Hunc
321 1680 436 1732 igitur
455 1681 640 1731 redarguit
661 1680 897 1729 Tarquinius.
957 1678 1062 1716 Idem.

185 1744 287 1782 Dein
308 1745 440 1794 Campi
459 1744 497 1782 T
500 1745 704 1795 hemyscirii
721 1760 730 1782 ε
753 1758 844 1794 quos
859 1745 1016 1781 habuere
1035 1743 1204 1780 Amazo-

132 1823 205 1852 neS,
225 1822 245 1846 a
260 1809 380 1846 Tanai
401 1810 545 1846 flumine
560 1809 739 1846 incertum
758 1808 991 1859 quamobrem
1011 1807 1202 1858 digressae.

133 1875 293 1911 Servius.
838 1911 840 1913 .

191 1937 270 1975 Ubi
289 1951 371 1974 eum
392 1947 472 1974 tota
491 1938 664 1975 concione
684 1938 728 1974 ab
748 1937 908 1974 exercitu
924 1937 1027 1988 cogit
1046 1935 1208 1973 discede.

136 2014 188 2045 re,
207 2001 296 2038 dicit
317 2015 353 2039 se
371 2004 446 2053 ejus
466 2016 574 2052 opera
595 2016 664 2039 non
681 2016 850 2047 usurum3
869 2015 1022 2053 eumque
1041 2001 1086 2038 ab
1102 2000 1207 2038 armis

136 2064 301 2103 dimittit.
359 2066 466 2104 Idem.
