1451 2719
327 303 643 344 SALLUSTII
672 303 1013 344 JUGURTHA.
1128 306 1195 341 161

127 419 219 456 tium
238 417 487 461 confirmatus,
517 431 624 468 quam
644 430 853 454 maxumum
873 415 1052 454 silentium
1078 415 1200 452 haberi

123 482 251 535 jubet:
274 496 318 520 ne
336 482 439 533 signa
459 483 618 533 quidem,
639 483 691 519 uti
711 497 775 532 per
789 482 926 533 vigilias
944 480 1122 524 solebant,
1141 493 1201 516 ca-

124 560 207 584 nere
227 562 236 585 :
265 547 409 591 deinde,
436 547 496 583 ubi
516 547 577 584 lux
599 547 831 592 adventabat,
859 545 1006 584 defessis
1022 548 1096 597 jam
1116 545 1201 582 hos-

122 611 234 655 tibus,
251 621 290 649 et
310 611 432 661 paullo
447 622 531 648 ante
546 626 674 649 somno
689 611 820 661 captis,
839 611 884 648 de
899 611 1095 661 improviso
1110 611 1202 662 vigi-

121 675 187 720 les,
211 676 299 713 item
318 675 539 720 cohortium,
563 688 776 720 turmarum,
803 675 988 727 legionum
1007 675 1200 720 tubicines,

125 739 229 776 simul
249 753 387 784 omnes,
410 740 512 790 signa
531 754 671 784 canere,
691 739 821 777 milites
843 739 1037 777 clamorem
1060 739 1201 784 tollere,

124 814 234 856 atque
250 806 366 855 portis
380 818 578 854 erumpere.
628 804 750 843 Mauri
765 815 874 856 atque
891 803 1056 849 Gaetuli,
1071 805 1202 856 ignoto

123 877 161 905 et
180 867 342 905 horribili
363 868 482 905 sonitu
511 878 658 919 repente
677 869 802 912 exciti,
832 882 949 918 neque
969 868 1110 920 fugere,
1139 884 1200 906 ne-

124 945 194 983 que
212 945 310 969 arma
328 946 470 982 capere,
490 947 606 984 neque
624 933 769 970 omnino
788 932 907 969 facere
926 942 989 970 aut
1008 934 1197 983 providere

124 995 335 1046 quidquam,
366 1006 560 1046 poterant:
590 997 642 1033 ita
660 1005 813 1034 cunctos
833 997 1001 1046 strepitu,
1027 997 1197 1043 clamore,

124 1059 223 1096 nullo
243 1060 488 1104 subveniente,
517 1061 648 1098 nostris
667 1061 897 1104 instantibus,
926 1062 1104 1106 tumultu,
1126 1071 1200 1100 ter-

124 1137 217 1168 rore,
250 1123 421 1168 formido,
455 1126 557 1174 quasi
587 1125 766 1168 vecordia,
799 1135 958 1175 ceperat.
1027 1127 1202 1177 Denique

123 1201 248 1224 omnes
266 1186 337 1224 fusi
357 1187 574 1239 fugatique:
605 1203 702 1226 arma
720 1198 758 1226 et
778 1190 880 1241 signa
899 1189 1066 1227 militaria
1085 1191 1200 1241 plera-

124 1266 196 1302 que
215 1261 323 1302 capta
340 1267 350 1290 ε
380 1252 573 1303 pluresque
592 1267 636 1291 eo
656 1252 808 1303 proelio,
828 1267 937 1304 quam
956 1254 1122 1292 omnibus
1143 1269 1202 1292 su-

124 1316 341 1366 perioribus,
370 1317 576 1354 interemti:
606 1331 688 1354 nam
716 1331 842 1355 somno
869 1326 908 1355 et
935 1327 1035 1355 metu
1054 1317 1200 1356 insolito

123 1379 298 1431 impedita
316 1379 418 1432 fuga·

179 1509 226 1547 C.
257 1510 372 1548 Dan«
396 1509 551 1554 Marius,
571 1510 625 1547 uti
644 1519 828 1561 coeperat,
848 1511 882 1547 in
902 1510 1050 1549 hiberna
1067 1527 1079 1558 ;
1109 1527 1200 1563 quac

126 1583 280 1624 propter
307 1583 549 1610 commeatum
575 1573 610 1611 in
630 1575 776 1625 oppidis
796 1575 993 1613 maritumis
1013 1590 1120 1627 agere
1140 1578 1203 1614 de-

127 1648 312 1678 creverat:
342 1653 460 1689 neque
480 1649 599 1676 tamen
620 1653 740 1676 secors
757 1639 922 1683 victoria,
950 1649 1012 1677 aut
1030 1641 1200 1687 insolens,

126 1703 247 1741 factus
265 1719 276 1749 ;
305 1704 368 1741 sed
397 1704 544 1754 pariter,
574 1717 616 1740 ac
641 1704 676 1740 in
697 1712 898 1754 conspectu
918 1704 1093 1750 hostium,
1113 1720 1202 1756 qua-

126 1770 232 1807 drato
262 1769 405 1820 agmine
434 1768 611 1806 incedere.
671 1767 772 1806 Sulla
800 1781 885 1805 cum
913 1769 1082 1819 equitatu
1101 1773 1200 1820 apud

126 1833 335 1878 dextumos‚
362 1833 397 1870 in
418 1833 558 1870 sinistra
585 1833 641 1870 A.
664 1832 824 1870 Manlius
852 1847 936 1870 cum
954 1832 1201 1872 funditoribus

125 1908 164 1937 et
184 1898 395 1951 sagittariis,
414 1906 599 1948 praeterea
613 1897 784 1935 cohortes
805 1897 1004 1949 Ligurum,
1023 1900 1198 1938 curabat:

126 1963 261 2013 primos
279 1972 317 2000 et
336 1972 519 2001 extremos
537 1975 621 1999 cum
635 1961 814 2012 expeditis
830 1961 1020 2012 manipulis
1034 1963 1201 2001 tribunos

125 2026 317 2064 locaverat.
376 2025 571 2078 Perfugae,
599 2026 756 2062 minume
774 2026 847 2063 cari
865 2034 903 2063 et
922 2015 1110 2077 regionum
1134 2028 1203 2065 sci-

124 2091 323 2136 entissumi‚
350 2091 511 2129 hostium
539 2091 609 2128 iter
635 2089 900 2141 explorabant:
930 2089 1034 2145 simul
1060 2092 1201 2135 consul,

126 2156 226 2205 quasi
245 2155 345 2193 nullo
364 2155 550 2205 imposito,
578 2155 697 2192 omnia
716 2154 903 2206 providere
920 2169 931 2199 ;
959 2155 1058 2204 apud
1077 2170 1207 2193 omnes

636 2220 672 2256 X
