1497 2689
205 303 279 338 108
399 298 715 337 SALLUSTII
745 299 1089 339 JUGURTHA.

204 410 337 448 infesto
353 410 531 454 exercitu,
551 410 587 446 in
609 411 818 448 Numidiam
838 412 1029 461 procedit:
1060 410 1137 456 ubi,
1157 419 1289 449 contra

203 475 290 513 belli
304 475 446 518 faciem,
463 474 610 524 tuguria
626 474 732 523 plena
746 475 946 520 hominum,
962 489 1094 526 pecora
1110 474 1288 512 cultores-

206 556 275 592 que
296 541 329 577 in
351 541 472 591 agris:
494 554 538 577 ex
557 539 701 589 oppidis
721 548 757 576 et
773 540 975 590 mapalibus
994 539 1170 591 praefecti
1191 539 1288 591 regis

206 606 302 643 obvii
323 605 586 655 procedebant,
608 603 724 653 parati
744 603 967 641 frumentum
988 605 1085 649 dare,
1106 617 1289 642 commea-

205 680 286 707 tum
315 678 477 720 portare,
508 678 695 718 postremo
725 669 858 713 omnia,
890 682 981 718 quae
1011 669 1291 719 imperarentur,

206 733 337 771 facere.
396 734 529 783 Neque
550 723 728 770 Metellus
743 732 879 769 idcireo
900 733 1031 777 minus,
1061 734 1123 770 sed
1137 733 1290 783 pariter,

206 812 247 835 ac
268 799 296 835 si
315 798 438 834 hostes
467 798 647 840 adessent,
677 797 818 834 munito
837 797 981 848 agmine
1006 797 1185 840 incedere,
1213 795 1289 833 late

206 861 394 912 explorare
415 861 548 904 omnia,
568 860 628 896 illa
649 860 843 898 deditionis
864 861 965 912 signa
985 861 1146 898 ostentui
1167 860 1292 897 crede-

206 941 244 963 re
260 942 270 971 ;
287 935 324 962 et
345 925 479 961 insidiis
498 924 620 961 locum
641 933 796 962 tentare.
842 926 976 976 Itaque
991 926 1067 975 ipse
1082 939 1167 962 cum
1182 938 1294 974 expe-

207 991 292 1026 ditis
322 989 551 1033 cohortibus,
582 989 670 1026 item
701 988 929 1026 funditorum
956 998 993 1027 et
1020 989 1292 1040 sagittariorum

207 1054 349 1092 delecta
379 1067 499 1097 manu,
529 1054 628 1103 apud
656 1054 792 1103 primos
822 1063 926 1092 erat:
957 1055 992 1091 in
1023 1062 1210 1104 postremo
1243 1053 1293 1091 C.

209 1119 351 1157 Marius
370 1118 516 1169 legatus
537 1132 621 1154 cum
636 1118 822 1168 equitibus
838 1119 988 1155 curabat
1005 1133 1014 1156 ε
1045 1118 1080 1154 in
1096 1127 1294 1168 utrumque

206 1183 301 1220 latus
321 1182 526 1219 auxiliarios
540 1182 681 1231 equites
696 1182 850 1219 tribunis
867 1182 1054 1233 legionum
1069 1191 1106 1219 et
1127 1181 1295 1232 praefec-

205 1248 252 1285 tis
273 1246 482 1284 cohortium
502 1246 766 1295 dispertiverat,
787 1246 842 1283 uti
862 1261 945 1284 cum
961 1247 1016 1283 his
1036 1247 1210 1297 permixti
1232 1261 1295 1284 ve-

206 1313 301 1356 lites,
323 1325 552 1361 quacumque
573 1311 802 1354 accederent,
821 1312 1008 1361 equitatus
1027 1312 1188 1348 hostium
1208 1325 1296 1361 pro-

207 1376 405 1427 pulsarent.
465 1375 562 1412 Nam
581 1375 615 1411 in
636 1375 823 1426 ,Iugurtha
837 1385 962 1413 tantus
977 1376 1096 1419 dolus,
1116 1384 1294 1425 tantaque

206 1441 336 1492 peritia
353 1440 519 1476 locorum
537 1448 575 1476 et
596 1439 742 1476 militiae
762 1449 853 1484 erat,
874 1441 942 1485 uti,
961 1441 1103 1485 absens,
1123 1454 1167 1476 an
1186 1454 1292 1490 prae-

209 1520 301 1550 sens,
321 1518 462 1555 pacem,
488 1517 531 1539 an
553 1503 687 1540 bellurn
708 1518 850 1555 gerens,
870 1504 1105 1555 perniciosior
1125 1513 1234 1549 esset,
1256 1504 1296 1541 in—

209 1572 351 1609 incerto
372 1571 583 1607 haberetur.

264 1699 446 1738 XLVII.
479 1699 601 1736 ERAT
633 1697 732 1734 haud
761 1697 871 1749 longe
902 1698 947 1735 ab
976 1712 1020 1735 eo
1045 1698 1186 1741 itinere,
1215 1711 1295 1747 quo<
1335 1741 1339 1746 ³

211 1764 387 1802 Metellus
417 1763 610 1814 pergebat,
644 1762 823 1811 oppidum
858 1762 1114 1806 Numidarum,
1148 1761 1299 1798 nomine

207 1831 330 1880 Vaga,
360 1827 481 1864 forum
511 1840 629 1863 rerum
649 1825 825 1863 venalium
845 1827 960 1863 totius
988 1827 1090 1878 regni
1121 1839 1291 1862 maxume

208 1895 431 1932 celebratum
448 1908 458 1938 ;
488 1892 551 1928 ubi
571 1901 608 1928 et
628 1890 783 1928 incolere
803 1900 841 1928 et
860 1891 1009 1928 mercari
1029 1898 1294 1927 consueverant

211 1958 333 1995 Italici
364 1956 505 2008 generis
531 1955 636 1992 multi
658 1954 841 1992 mortales.
901 1955 993 1992 Huc
1014 1954 1156 1998 consul,
1187 1953 1297 1991 simul

209 2022 374 2060 tentandi
389 2022 520 2073 gratia,
542 2020 569 2057 si
589 2029 757 2070 paterent
772 2020 1069 2070 opportunitates
1084 2019 1170 2063 loci,
1190 2033 1295 2068 prae-

212 2089 342 2126 sidium
362 2086 538 2136 imposuit
556 2101 566 2131 ;
589 2094 773 2135 praeterea
792 2084 981 2134 imperavit
1001 2084 1240 2128 frumentum,
1259 2091 1298 2120 et

213 2153 294 2198 alia,
315 2166 407 2203 quae
426 2150 523 2190 bello
545 2150 625 2188 usui
648 2150 769 2187 forent
787 2165 796 2188 ε
827 2159 940 2195 ratus,
959 2150 1012 2196 id,
1031 2151 1131 2200 quod
1146 2163 1202 2187 res
1220 2163 1299 2186 mo-
