1497 2689
228 288 279 323 36
421 285 737 324 SALLUSTII
768 285 1110 325 JUGURTHA.

224 396 329 440 cerit,
353 370 518 445 {oricula
538 410 616 433 mea
636 397 832 434 declarant.
891 398 993 448 Quid
1013 397 1204 446 reliquum,
1232 396 1299 434 nisi

225 460 274 512 usis
306 469 434 504 vestra,
465 474 538 510 quo
567 461 699 497 moveri
729 462 873 511 possit?
928 463 1024 499 Nam
1051 475 1121 513 ego
1151 461 1299 511 quidem

223 523 362 567 vellem,
389 533 427 560 et
447 524 534 561 haec
556 539 647 574 quae
667 525 800 569 scribo,
827 535 864 562 et
885 540 976 575 quae
997 536 1101 563 antea
1119 527 1153 562 in
1175 534 1300 563 senatu

223 596 374 637 questus
396 602 488 631 sum,
518 602 605 624 vana
625 587 744 626 forent
765 590 902 638 potius,
932 604 1038 640 quam
1059 589 1198 627 miseria
1221 602 1301 626 mea

223 651 332 688 fidem
352 652 467 688 verbis
486 652 635 689 faceret.
695 653 782 697 Sed,
812 653 982 702 quoniam
1001 668 1044 691 eo
1063 663 1170 690 natus
1204 667 1300 697 sum,

225 726 264 752 ut
283 717 491 766 Jugurthae
511 717 684 754 scelerum
705 717 864 753 ostentui
882 731 1008 761 essem,
1029 731 1099 754 non
1109 720 1185 769 jam
1205 731 1302 753 mor-

222 790 298 817 tem
317 795 433 830 neque
452 795 650 824 aerumnas,
671 781 925 817 tantummodo
946 781 1077 818 inimici
1097 781 1300 830 imperium,

223 854 260 882 et
280 844 460 881 cruciatus
480 845 656 894 corporis,
679 845 867 894 deprecor.
927 845 1059 896 Regno
1086 845 1301 888 Numidiae,

224 910 324 959 quod
344 919 500 945 vestrum
519 918 587 952 est,
616 909 671 945 uti
690 908 806 953 lubet,
836 909 1039 946 consulite:
1085 923 1141 946 me
1160 923 1205 946 ex
1225 922 1303 946 ma-

223 973 328 1009 nibus
347 973 464 1022 impiis
483 973 624 1022 eripite,
653 987 718 1022 per
746 976 968 1024 majestatem
995 973 1149 1023 imperii,
1178 987 1243 1023 per
1265 987 1303 1010 a-

224 1037 379 1087 micitiae
399 1037 536 1082 fidem3
566 1038 594 1074 si
613 1037 685 1074 ulla
713 1037 811 1087 apud
831 1051 894 1074 vos
924 1038 1097 1074 memoria
1127 1037 1184 1074 avi
1217 1037 1319 1092 mei,-

226 1101 481 1139 Masinissae.”

279 1231 412 1266 XXV.
445 1229 528 1266 Hxs
545 1229 675 1266 litteris
696 1230 868 1272 recitatis,
888 1229 1001 1273 fuere,
1023 1229 1086 1279 qui
1100 1230 1302 1267 exercitum

224 1293 259 1330 in
290 1293 462 1331 Africam
491 1293 709 1330 mittendum
729 1304 928 1338 censerent,
959 1304 995 1331 et
1015 1308 1124 1343 quam
1144 1294 1301 1344 primum

225 1358 432 1395 Adherbali
462 1358 748 1394 subveniundum
767 1374 777 1403 ;
806 1358 850 1394 de
877 1359 1063 1409 ,Iugurtha
1081 1359 1226 1395 interim
1245 1358 1301 1395 uti

225 1423 486 1466 consuleretur,
517 1423 686 1472 quoniam
716 1437 787 1458 non
817 1422 992 1471 paruisset
1022 1421 1166 1473 legatis.
1226 1422 1301 1459 Sed

225 1488 270 1524 ab
293 1487 404 1523 isdem
425 1487 520 1537 regis
539 1485 743 1522 fautoribus
764 1500 901 1522 summa
914 1500 984 1535 ope
1004 1485 1154 1529 enisum,
1175 1500 1218 1522 ne
1239 1486 1302 1523 de.-

228 1562 367 1588 cretum
387 1552 502 1587 fieret.
553 1551 611 1587 Ita
625 1551 761 1587 bonum
781 1550 982 1599 publicum,
1003 1558 1044 1586 ut
1063 1549 1097 1585 in
1118 1549 1298 1599 plerisque

227 1615 383 1666 negotiis
414 1615 518 1658 solet,
549 1615 686 1664 privata
711 1615 828 1665 gratia
853 1614 1048 1654 devictum,
1106 1614 1302 1665 Legantur

228 1690 347 1717 tamen
368 1680 401 1715 in
421 1679 592 1716 Africam
612 1681 761 1730 majores
781 1688 880 1721 natu,
912 1677 1062 1721 nobiles,
1087 1677 1214 1727 amplis
1234 1678 1302 1714 ho-

228 1745 375 1780 noribus
393 1759 401 1780 :
432 1743 467 1778 in
488 1745 569 1792 quis
600 1742 658 1779 M.
682 1743 851 1785 Scaurus,
883 1743 926 1778 de
947 1756 1020 1791 quo
1041 1755 1147 1792 supra
1167 1756 1303 1779 memo-

228 1809 393 1852 ravimus,
423 1807 631 1850 consularis,
664 1816 700 1843 et
731 1816 810 1844 tum
843 1806 953 1842 senati
986 1806 1165 1856 princeps.
1225 1806 1298 1851 Hi,

230 1874 330 1924 quod
349 1874 383 1909 in
403 1872 532 1908 invidia
552 1886 607 1908 res
625 1880 701 1908 erat
728 1871 845 1915 simul,
874 1881 912 1908 et
931 1872 975 1907 ab
1009 1871 1179 1908 Numidis
1198 1872 1305 1908 obse-

231 1938 333 1980 crati,
362 1938 486 1974 triduo
517 1936 633 1973 navim
661 1936 879 1973 escendere:
910 1935 990 1971 dein
1021 1935 1119 1971 brevi
1152 1935 1305 1973 Uticam

230 2001 384 2051 adpulsi,
411 2001 549 2038 litteras
577 2001 623 2037 ad
650 2002 672 2038 J
678 2000 872 2051 ugurtham
891 1999 1056 2043 mittunt,
1085 2012 1192 2048 quam
1212 1999 1306 2036 ocis-

232 2080 330 2103 sume
350 2066 395 2101 ad
413 2065 633 2115 provinciam
655 2065 804 2101 accedat
820 2080 829 2108 3
862 2077 969 2113 seque
984 2063 1028 2099 ad
1043 2077 1126 2100 eum
1141 2064 1185 2100 ab
1206 2077 1306 2100 sena-

232 2130 427 2168 tu'missos.
472 2129 553 2174 Ille,
568 2129 631 2166 ubi
646 2129 800 2178 accepit,
820 2127 983 2165 homines
1001 2126 1129 2175 claros,
1149 2140 1304 2178 quorum
