1451 2719
407 291 722 334 SALLUSTII
751 290 1090 332 JUGURTHA.
1216 295 1290 331 149

220 413 335 456 μιαί
364 417 444 443 nam
468 403 642 442 Metellus
661 413 900 454 conspectum
929 402 1038 441 Marii
1056 401 1214 453 fugerat,
1244 415 1288 440 ne

220 468 356 508 videret
374 481 430 511 ea,
450 482 541 518 quae
560 468 684 506 audita
704 468 840 506 animus
860 467 1014 504 tolerare
1033 467 1254 516 nequiverat.

223 633 227 636 Α
273 594 537 636 LXXXVII.
570 596 651 633 Sto
672 595 811 640 consul,
830 593 984 644 expletis
1003 594 1207 646 legionibus
1227 609 1289 633 co-

219 658 458 709 hortibusque
479 659 683 703 auxiliariis,
712 660 746 696 in
770 673 897 710 agrum
916 657 1072 696 fertilem
1091 668 1127 695 et
1157 660 1290 708 praeda

219 732 391 761 onustum
411 724 676 773 proficiscitur:
697 724 816 760 omnia
835 723 885 760 ibi
904 731 1013 773 capta
1032 721 1204 760 militibus
1224 723 1291 760 do-

220 796 307 827 nat:
337 787 417 827 dein
448 787 594 826 castella
622 798 660 825 et
689 787 825 837 oppida
850 799 975 825 natura
993 797 1030 824 et
1053 788 1132 824 viris
1161 802 1290 838 parum

220 851 359 890 munita
376 853 611 904 adgreditur:
642 852 777 902 proelia
791 852 917 896 multa,
936 862 1097 890 ceterum
1117 853 1183 890 alia
1202 853 1292 892 levia

220 914 296 955 aliis
325 915 414 953 locis
443 915 573 953 facere.
633 916 783 953 Interim
813 916 894 952 novi
924 916 1055 954 milites
1085 917 1159 954 sine
1189 927 1291 956 metu

220 993 367 1030 pugnae
394 980 541 1017 adesse:
571 980 690 1017 videre
718 979 890 1030 fugientis
915 980 1011 1030 capi,
1040 980 1186 1018 occidi:
1216 981 1291 1018 for·

221 1043 410 1081 tissumum
440 1057 619 1094 quemque
644 1043 904 1081 tutissumum:
945 1043 1050 1081 armis
1070 1043 1291 1090 libertatem,

221 1107 388 1156 patriam,
417 1117 666 1157 parentesque,
694 1116 733 1145 et
761 1107 828 1146 alia
854 1107 973 1144 omnia
1001 1108 1107 1159 tegi3
1136 1108 1291 1159 gloriam

219 1179 332 1220 atque
352 1171 492 1208 divitias
513 1173 646 1221 quaeri.
706 1172 767 1209 Sic
787 1172 885 1209 brevi
905 1173 1022 1221 spatio
1043 1174 1124 1209 novi
1139 1183 1293 1211 veteres-

220 1248 293 1284 que
311 1234 489 1278 coaluere,
517 1245 554 1272 et
574 1235 685 1272 virtus
705 1235 866 1272 omnium
885 1235 1042 1285 aequalis
1062 1236 1171 1273 facta.
1228 1238 1291 1275 At

218 1313 339 1351 reges,
364 1300 426 1337 ubi
445 1300 490 1336 de
510 1300 667 1336 adventu
688 1298 799 1337 Marii
817 1308 1081 1350 cognoverunt,
1105 1301 1237 1338 divorsi
1256 1303 1292 1339 in

220 1361 323 1403 locos
351 1362 506 1400 difficilis
535 1363 682 1400 abeunt.
762 1363 821 1399 Ita
853 1363 1059 1414 Jugurthae
1091 1365 1292 1414 placuerat,

222 1427 380 1477 speranti
408 1441 492 1464 mox
520 1426 654 1464 effusos
674 1427 790 1464 hostis
809 1427 927 1464 invadi
952 1429 1124 1477 [posse];
1157 1429 1294 1467 Roma-

223 1505 302 1545 nos,
322 1491 428 1531 sicuti
447 1491 652 1541 plerosque,
680 1500 821 1529 remoto
842 1501 955 1537 metu,
978 1491 1092 1531 laxius
1109 1493 1293 1535 licentius-

222 1569 294 1605 que
312 1554 469 1595 futuros.
1274 1548 1279 1554 ⁴

277 1683 566 1725 LXXXVIII.
597 1682 854 1728 METELLUS,
875 1683 1010 1722 interea
1032 1685 1189 1724 Romam
1207 1703 1294 1739 pro.

224 1747 357 1791 fectus,
385 1758 512 1784 contra
532 1761 632 1797 spem
651 1761 750 1784 suam
767 1747 981 1786 laetissumis
1000 1751 1125 1789 animis
1155 1756 1293 1804 excipi-

223 1820 310 1857 tur;
330 1811 426 1861 plebi
445 1812 695 1861 patribusque,
715 1821 910 1862 postquam
928 1814 1058 1852 invidia
1079 1813 1292 1864 decesserat,

218 1878 328 1928 juxta
359 1889 474 1914 carus.
551 1877 624 1914 Sed
661 1876 802 1914 Marius
835 1878 987 1930 impigre
1025 1881 1293 1934 prudenterque

224 1953 370 1982 suorum
385 1949 422 1976 et
437 1940 594 1977 hostium
611 1954 665 1977 res
684 1941 818 1990 pariter
830 1942 1024 1980 adtendere
1039 1959 1050 1989 ;
1071 1959 1292 1998 cognoscere

225 2004 315 2054 quid
333 2003 418 2040 boni
439 2004 613 2054 utrisque,
638 2014 704 2042 aut
721 2014 862 2049 contra,
881 2016 998 2045 esset:
1028 2009 1215 2058 explorare
1234 2011 1294 2048 iti-

225 2082 309 2107 nera
323 2083 465 2120 regum,
477 2068 623 2106 consilia
637 2078 674 2106 et
689 2069 831 2107 insidias
845 2072 1046 2110 antevenire
1061 2087 1071 2110 :
1093 2074 1180 2111 nihil
1195 2077 1291 2125 apud

223 2146 264 2171 ee
282 2133 481 2178 remissum,
503 2147 618 2185 neque
637 2133 736 2184 apud
754 2133 834 2172 illos
853 2144 989 2182 tutum,
1012 2138 1101 2188 pati.
1159 2140 1292 2191 Itaque

695 2198 788 2237 Ta
