1451 2719
376 306 692 346 SALLUSTII
722 307 1064 348 JUGURTHA.
1203 312 1254 348 99

171 415 282 454 stanti
309 416 451 461 cedere,
479 427 517 455 et
537 419 660 468 paullo
687 429 784 470 post,
813 434 856 457 ne
876 420 929 457 sui
950 418 1167 463 diffiderent,
1195 420 1249 456 in-

170 489 292 518 stare:
322 480 372 518 ita
400 481 483 519 belli
512 484 635 528 modo,
663 486 773 522 modo
802 485 914 535 pacis,
943 498 1042 521 mora
1061 483 1245 521 consulem

167 545 366 584 ludificare.
424 549 489 585 Ac
509 549 624 594 fuere,
645 551 706 601 qui
727 560 805 588 tum
826 550 1009 587 Albinum
1029 550 1126 586 haud
1147 550 1250 601 igna-

167 624 248 648 rum
267 612 404 649 consilii
425 614 518 665 regis
538 615 809 658 existumarent,
839 628 954 664 neque
973 628 1017 650 ex
1038 623 1140 650 tanta
1160 628 1247 664 pro-

166 677 330 726 perantia
358 686 432 714 tam
461 678 565 716 facile
594 688 752 716 tractum
780 678 916 715 bellum
937 678 1099 715 secordia
1119 679 1247 729 magis,

167 753 276 790 quam
295 740 395 785 dolo,
415 742 614 779 crederent.
674 742 747 780 Sed
767 751 975 792 postquam,
997 741 1135 791 dilapso
1155 752 1248 779 tem-

166 817 270 854 pore,
298 805 528 842 comitiorum
557 807 631 843 dies
659 807 891 849 adventabat,
929 805 1107 849 Albinus,
1141 805 1246 843 Aulo

168 866 279 905 fratre
295 868 329 904 in
345 869 471 906 castris
485 884 553 920 pro
568 880 734 920 praetore
749 870 890 914 relicto,
907 870 1063 907 Romam
1078 870 1245 907 decessit.

222 997 447 1034 XXXVII.
489 998 552 1036 EA
584 1008 800 1049 tempestate
836 999 976 1036 Romae
1010 1000 1246 1037 seditionibus

167 1059 371 1098 tribuniciis
390 1062 564 1099 atrociter
588 1062 791 1112 respublica
819 1064 1040 1113 agitabatur.
1101 1064 1143 1100 P.
1168 1064 1248 1102 Lu-

166 1123 283 1161 cullus
315 1133 354 1161 et
387 1125 438 1162 L.
468 1126 630 1170 Annius,
659 1127 794 1163 tribuni
827 1127 957 1176 plebis,
993 1128 1246 1164 resistentibus

165 1187 330 1240 collegis,
358 1189 568 1227 continuare
597 1191 848 1242 magistratum
878 1190 1114 1227 nitebantur:
1155 1205 1248 1240 quae

165 1252 339 1291 dissensio
359 1254 474 1291 totius
502 1255 584 1291 anni
611 1254 758 1292 comitia
777 1254 1011 1304 impediebat.
1071 1255 1128 1292 Ea
1148 1269 1247 1292 mora

165 1316 200 1354 in
234 1331 334 1368 spem
366 1318 560 1363 adductus,
594 1318 733 1363 Aulus,
768 1333 876 1368 quem
909 1333 976 1368 pro
1010 1329 1178 1369 praetore
1213 1321 1247 1356 in

165 1382 292 1419 castris
307 1382 474 1420 relictum
494 1396 602 1433 supra
629 1383 798 1428 diximus,
829 1393 891 1420 aut
911 1384 1131 1421 conficiundi
1151 1384 1250 1430 belli,

165 1455 230 1482 aut
258 1455 395 1483 terrore
422 1447 603 1484 exercitus
631 1448 679 1484 ab
709 1461 794 1498 rege
827 1448 999 1497 pecuniae
1033 1449 1248 1498 capiundae,

167 1510 299 1548 milites
328 1525 447 1548 mense
475 1511 644 1549 Januario
673 1524 717 1548 ex
746 1511 904 1548 hibernis
924 1512 958 1548 in
979 1513 1250 1562 expeditionem

166 1585 320 1621 evocat;
350 1577 489 1628 magnis
504 1576 706 1619 itineribus,
727 1575 843 1612 hieme
863 1589 1000 1626 aspera,
1020 1577 1183 1626 pervenit
1203 1579 1249 1616 ad

167 1640 345 1691 oppidum
375 1640 524 1685 Suthul,
559 1641 620 1677 ubi
650 1640 743 1691 regis
773 1640 932 1677 thesauri
960 1650 1074 1678 erant.
1133 1643 1247 1692 Quod

167 1717 387 1754 quamquam
419 1713 457 1742 et
491 1704 636 1742 saevitia
668 1704 857 1754 temporis,
895 1714 933 1742 et
966 1707 1244 1756 opportunitate

166 1767 253 1813 loci,
291 1783 407 1820 neque
440 1770 534 1820 capi,
573 1783 689 1819 neque
727 1769 885 1805 obsideri
922 1778 1096 1819 poterat:
1143 1773 1248 1821 [nam

167 1835 305 1872 circum
325 1849 481 1879 murum,
510 1835 619 1872 situm
638 1834 672 1870 in
701 1833 886 1883 praerupti
919 1834 1051 1871 montis
1071 1843 1249 1880 extremo,

167 1899 338 1950 planici'es
358 1900 484 1937 limosa
508 1898 721 1936 hiemalibus
753 1897 854 1947 aquis
884 1897 1053 1947 paludem
1083 1898 1245 1949 fecerat]

166 1973 287 2002 tamen
306 1974 370 2002 aut
390 1964 578 2002 simulandi
598 1963 728 2014 gratia,
757 1976 830 2012 quo
850 1963 927 2015 regi
942 1963 1172 2001 formidinem
1187 1966 1249 2002 ad-

168 2028 286 2073 deret,
313 2037 376 2066 aut
401 2028 571 2078 cupidine
604 2040 748 2070 caecuS,
776 2027 894 2064 w'neas
927 2041 1048 2079 agere,
1077 2042 1252 2080 aggerem

163 2095 297 2146 jacere,
325 2092 405 2139 alia,
435 2106 526 2144 quae
545 2093 694 2143 incepto
716 2091 794 2128 usui
814 2091 948 2138 forent,
976 2107 1183 2144 properare.

667 2155 760 2195 N2
