1451 2719
327 269 640 309 SALLUSTII
670 270 1055 311 FRAGMENTA.
1149 274 1220 309 211

156 379 274 432 regnis
302 389 341 418 et
370 382 574 419 tetrarchiis
603 383 648 419 ab
679 375 996 433 imperioeorum,
1024 381 1107 432 quia
1126 381 1221 418 fama

152 453 242 488 erat,
262 443 409 482 divitem
429 459 544 495 neque
559 447 772 483 serviturum
786 460 876 490 esse,
897 460 961 496 per
980 445 1219 484 Nicomedem

153 506 247 544 bello
266 506 518 546 lacessiverunt
534 524 545 554 ;
565 509 706 547 sceleris
724 524 849 547 eorum
867 510 964 547 haud
983 510 1162 561 ignarum,
1181 517 1220 546 et

150 584 207 616 ea,
237 585 329 622 quae
349 573 525 618 accidere,
555 583 729 611 testatum
756 583 862 611 antea
889 574 1095 618 Cretenses,
1123 572 1218 611 solos

149 636 311 673 omnium
324 635 454 674 liberos
468 651 509 674 ea
524 645 753 686 tempestate,
767 646 804 674 et
817 650 939 688 regem
953 636 1215 674 Ptolemaeum.

149 698 284 748 Atque
301 713 387 751 ego,
408 700 504 737 ultus
523 701 679 752 injurias,
701 700 940 738 Nicomedem
961 699 1135 749 Bithynia
1154 713 1217 737 ex-

148 763 249 814 puli;
278 765 496 814 Asiamque,
516 764 671 815 spolium
691 764 785 816 regis
805 763 1002 807 Antiochi,
1022 763 1156 813 recepi,
1175 772 1215 801 et

149 826 328 865 Graeciae
347 828 458 865 demsi
478 841 587 879 grave
606 827 799 865 servitium.
859 827 877 864 I
882 836 1013 876 ncepta
1032 839 1111 863 mea
1131 840 1218 876 pos-

148 899 285 928 tremus
304 905 485 928 servorum
500 891 723 935 Archelaus,
742 891 904 928 exercitu
924 891 1085 941 prodito,
1104 891 1218 941 impe-

146 953 235 990 divit
253 969 263 991 :
292 954 429 1005 illique,
449 968 541 1004 quos
561 955 715 1005 ignavia,
743 964 805 992 aut
825 968 932 1004 prava
951 954 1141 1000 calliditas,
1162 954 1216 992 uti

147 1018 234 1054 meis
252 1017 435 1056 laboribus
453 1018 525 1055 tuti
539 1027 670 1062 essent,
691 1018 796 1055 armis
810 1019 997 1063 abstinuit,
1017 1019 1216 1056 acerbissu-

144 1093 220 1117 mas
239 1094 372 1130 poenas
392 1081 534 1118 solvunt
552 1097 562 1126 ;
585 1080 827 1126 Ptolemaeus,
847 1082 972 1131 precio
995 1082 1118 1132 [dies]
1142 1081 1218 1122 bel-

145 1143 220 1180 lum
239 1143 422 1193 prolatans
437 1159 448 1189 3
477 1145 684 1188 Cretenses,
702 1145 907 1195 impugnati
926 1145 1034 1182 semel
1047 1147 1136 1196 jam,
1156 1159 1218 1183 ne-

148 1221 219 1258 que
247 1207 367 1251 finem,
396 1207 462 1244 nisi
488 1207 645 1252 excidio,
674 1208 846 1245 habituri.
904 1209 1101 1258 Equidem,
1130 1222 1215 1246 cum

142 1272 248 1316 mihi,
263 1273 312 1309 ob
329 1272 491 1322 ipsorum
509 1272 648 1311 interna
666 1271 771 1316 mala,
790 1271 903 1310 dilata
925 1272 1061 1322 proelia
1081 1272 1211 1324 magis,

145 1349 253 1386 quam
272 1349 399 1386 pacem
418 1337 553 1380 datam,
575 1335 822 1388 intellegerem
840 1352 851 1382 ς
880 1337 1060 1374 abnuente
1079 1336 1215 1391 Tigra-

144 1413 201 1444 ne,
221 1400 284 1450 qui
298 1413 376 1437 mea
390 1400 488 1436 dicta
503 1414 580 1437 sero
595 1400 741 1449 probat,
760 1411 797 1437 te
813 1408 953 1437 remoto
972 1400 1115 1450 procul,
1136 1414 1214 1438 om-

145 1465 249 1502 nibus
281 1463 356 1500 aliis
389 1464 570 1507 obnoxiis,
602 1477 722 1500 rursus
754 1472 874 1500 tamen
908 1463 1044 1501 bellum
1076 1465 1182 1514 coepi
1199 1480 1210 1503 ε

144 1528 387 1577 Marcumque
407 1527 574 1571 Cottam,
597 1526 803 1564 Romanum
822 1527 965 1571 ducem,
986 1528 1083 1577 apud
1103 1526 1214 1565 Chal-

143 1592 281 1629 cedona
313 1600 407 1628 terra
439 1589 531 1634 fudi,
565 1590 651 1626 mari
682 1584 766 1628 exu'i
799 1590 909 1628 classe
942 1590 1208 1641 pulcherruma.

135 1656 264 1706 ,Apud
283 1656 466 1706 Cyzicum
485 1667 616 1705 magno
636 1667 719 1690 cum
738 1655 900 1692 exercitu
918 1655 953 1691 in
973 1654 1116 1692 obsidio
1134 1668 1213 1692 mo-

142 1720 234 1757 ranti
254 1719 476 1756 frumentum
495 1717 627 1761 defuit,
647 1717 747 1754 nullo
766 1717 903 1755 circum
921 1718 1107 1756 adnitente
1125 1734 1134 1756 :
1165 1719 1211 1756 si-

142 1783 218 1821 mul
246 1783 360 1821 hiems
385 1782 471 1819 mari
501 1781 731 1832 prohibebat.
790 1783 863 1826 Ita,
892 1783 964 1819 sine
984 1783 1017 1819 vi
1036 1783 1209 1828 hostium,

142 1847 285 1900 regredi
304 1856 455 1885 coactus
474 1847 509 1883 in
528 1846 686 1896 patrium
705 1860 871 1897 regnum,
897 1845 1092 1898 naufragiis
1111 1848 1210 1897 apud

142 1912 302 1956 Parium,
320 1920 358 1951 et
379 1909 609 1955 Heracleam,
629 1909 784 1947 militurn
803 1919 974 1960 optumos
989 1924 1073 1948 cum
1087 1910 1210 1948 classi-

142 1975 212 2013 bus
231 1975 343 2012 amisi.
403 1974 592 2012 Restituto
613 1974 740 2011 deinde
760 1974 858 2024 apud
881 1975 1014 2013 Cabira
1030 1975 1208 2020 exercitu,

141 2047 180 2076 et
201 2039 301 2076 variis
330 2039 422 2076 inter
450 2052 506 2075 me
531 2047 640 2088 atque
671 2038 872 2075 Lucullum
902 2038 1061 2089 proeliis,
1088 2039 1209 2089 inopia

134 2115 261 2141 ,rursus
291 2103 416 2143 ambos
446 2101 602 2140 incessit.
662 2101 720 2138 Illi
749 2103 894 2156 suberat
922 2117 1074 2155 regnum
1091 2103 1207 2159 Ario·

592 2165 740 2204 Dd2
