1497 2689
175 317 227 353 96
370 309 684 350 SALLUSTII
713 309 1052 350 JUGURTHA'.

228 425 434 462 XXXIII.
494 424 655 461 IGvruR
676 423 875 475 Jugurtha,
904 433 1030 461 contra
1057 423 1168 460 decus
1187 433 1246 460 re«'

173 490 288 541 gium,
318 489 421 527 cultu
441 503 548 538 quam
568 502 734 526 maxume
764 489 966 532 miserabili,
998 502 1082 525 cum
1114 487 1244 525 Cassio

178 556 332 592 Romam
353 554 447 590 venit
466 570 474 591 :
506 568 561 597 ac,
580 562 698 590 tamen
715 553 782 590 etsi
797 550 831 588 iri
851 553 929 602 ipso
950 566 1079 603 magna
1097 551 1148 588 vis
1167 551 1243 587 ani-

173 620 220 655 mi
240 631 329 662 erat,
359 619 592 655 confirmatus
612 618 656 653 ab
682 617 862 660 omnibus,
892 629 1045 665 quorum
1077 614 1242 665 potentia

173 692 235 720 aut
256 683 386 720 scelere
406 691 538 719 cuncta
565 691 738 732 gesserat,
769 681 814 718 C.
838 680 1026 723 Baebium,
1055 678 1243 716 tribunum

172 748 302 798 plebis,
333 761 460 798 magna
478 747 641 783 mercede
660 756 775 795 parat,
796 748 898 796 cujus
918 745 1142 794 impudentia
1156 757 1244 781 con-

172 821 228 849 tra
242 813 300 862 jus
320 820 356 847 et
377 811 520 861 injurias
539 810 653 846 omnis
673 809 832 845 munitus
845 808 952 845 foret.
983 808 1043 844 At
1059 808 1107 845 C.
1124 807 1244 845 Mem-

172 875 276 918 mius,
318 875 493 910 advocata
526 873 711 917 concione,
752 886 970 922 quamquam
1000 872 1076 923 regi
1112 871 1244 908 infeSta

172 938 296 988 plebes
315 947 404 980 erat,
433 946 470 974 et
490 951 570 986 pars
590 937 625 973 in
646 936 787 974 vincula
806 937 890 973 duci
905 936 1072 986 jubebat,
1092 948 1188 984 pars,
1207 934 1244 970 ni

174 1004 290 1040 socios
311 1002 451 1040 sceleris
470 1002 637 1051 aperiret,
666 1015 765 1038 more
785 1003 959 1052 majorum
979 1000 1023 1036 de
1038 999 1144 1036 hoste
1160 1012 1247 1049 sup-

170 1069 321 1119 plicium
354 1067 470 1111 sumi3
500 1066 684 1117 dignitati,
714 1079 820 1115 quam
853 1065 938 1108 irae,
971 1063 1085 1114 magis
1115 1077 1246 1100 consu-

172 1133 260 1176 leus,
290 1133 412 1169 sedare
441 1140 575 1174 motus,
617 1139 654 1167 et
683 1131 819 1166 animos
850 1129 1013 1166 mollire:
1058 1139 1244 1178 postremo

173 1197 398 1239 confirmare,
426 1195 533 1232 fidem
553 1194 736 1244 publicam
749 1208 814 1243 per
834 1208 906 1230 sese
922 1193 1130 1230 inviolatam
1150 1193 1240 1231 fore.

174 1261 279 1304 Post,
300 1260 363 1297 ubi
383 1259 563 1296 silentium
583 1258 719 1308 coepit,
739 1259 922 1307 producto
942 1258 1140 1309 Jugurtha,
1169 1272 1246 1295 ver-

172 1326 219 1362 ba
237 1324 339 1374 facit,
372 1324 511 1360 Romae
531 1322 798 1372 Numidiaeque
826 1321 986 1358 facinora
1004 1324 1080 1373 ejus
1109 1336 1245 1359 memo-

171 1397 242 1431 rat,
271 1387 402 1425 scelera
421 1387 456 1423 in
476 1395 630 1436 patrem,
650 1385 866 1435 fratresque,
894 1386 1078 1423 ostendit:
1111 1385 1245 1435 quibus

166 1453 390 1504 juvantibus,
419 1452 622 1500 quibusque
655 1450 838 1494 ministris,
866 1451 996 1501 egerit,
1025 1464 1246 1501 quamquam

172 1516 361 1567 intellegat
380 1514 537 1565 populus
560 1515 761 1558 Romanus,
803 1522 923 1551 tamen
943 1514 1033 1551 velle
1057 1514 1246 1552 manifesta

171 1581 287 1632 magis
307 1594 350 1617 ex
371 1580 432 1616 illo
453 1579 585 1616 habere
603 1594 612 1616 :
643 1578 670 1614 si
692 1592 772 1614 vera
791 1578 961 1628 aperiret,
980 1579 1015 1615 in
1035 1579 1106 1616 fide
1125 1588 1162 1616 et
1174 1578 1248 1617 cle-·

172 1646 305 1682 mentia
323 1644 450 1695 populi
475 1643 631 1680 Romani
651 1657 819 1694 magnam
840 1657 938 1693 spem
958 1643 1008 1680 illi
1029 1643 1133 1681 sitam
1151 1659 1160 1682 ε
1192 1644 1244 1681 sin

173 1710 337 1753 reticeat,
365 1723 436 1745 non
457 1708 562 1745 sociis
595 1707 701 1744 saluti
734 1706 836 1753 fore3
868 1721 942 1745 sese
976 1722 1129 1759 suasque
1163 1722 1245 1759 spes

173 1783 441 1824 corrupturum.

227 1902 426 1940 XXXIV.
484 1901 614 1943 Diem,
644 1900 706 1936 ubi
740 1899 938 1937 Memmius
971 1899 1117 1937 dicundi
1137 1901 1246 1938 finem

175 1966 274 2010 fecit,
294 1975 331 2003 et
350 1966 372 2002 J
376 1965 534 2015 ugurtha
548 1964 763 2012 respondere
779 1966 899 2015 jussus
914 1973 982 2008 est,
1003 1965 1049 2002 C.
1073 1965 1245 2009 Baebius,

174 2030 339 2067 tribunus
359 2028 487 2078 plebis,
508 2041 615 2078 quem
630 2028 783 2077 pecunia
797 2037 1012 2078 corruptum
1028 2042 1134 2078 supra
1154 2029 1247 2065 dixi-

175 2107 266 2137 mus,
294 2107 415 2144 regem
434 2101 553 2129 tacere
571 2092 673 2142 jubet
692 2107 701 2128 ε
731 2105 786 2135 ac,
807 2101 925 2129 tamen
945 2092 1012 2129 etsi
1032 2091 1252 2136 multitudof'

177 2171 266 2207 quae
287 2158 320 2194 in
342 2157 517 2193 concione
534 2156 671 2199 aderat,
699 2155 929 2194 vehementer
947 2169 1109 2200 aceensa,
1134 2165 1256 2195 terre-·
