1451 2719
540 273 843 312 INDEX.
1150 273 1225 314 337

164 382 286 422 Bestia
305 384 525 434 Calpurnius
546 386 671 423 consul
691 387 724 422 in
747 385 956 424 Numidiam
975 383 1142 420 adversus
1161 383 1183 421 J
1187 397 1226 421 u·

214 450 385 500 gurtham
406 451 531 487 missus
548 454 609 488 88.
633 460 772 487 secreto
792 463 876 486 cum
896 448 957 485 illo
977 447 1054 498 agit
1075 451 1137 486 90.

162 512 334 563 Bithynia
354 528 373 550 a
399 514 569 551 Romanis
597 514 737 564 direpta
758 516 846 551 210.

162 577 332 614 Bocchus
362 578 575 616 Maurorum
595 593 656 616 rex
679 582 740 617 Sl.
767 578 973 630 Jugurthae
991 591 1115 628 gener,
1143 590 1227 614 cum

213 655 337 679 socero
352 643 518 680 adversus
536 643 720 680 Romanos
734 641 818 679 belli
832 642 1042 678 societatem
1058 641 1121 678 init
1139 644 1225 680 139.

211 705 352 756 legatos
381 720 400 742 a
430 706 585 743 Metello
614 706 770 756 accepit,
798 715 834 742 at
855 717 891 743 re
911 705 1046 742 infecta
1073 705 1226 742 dimittit

215 773 300 807 141.
315 783 398 807 cum
413 771 597 821 Jugurtha
612 770 796 807 Romanos
808 770 1022 821 aggreditur
1038 769 1123 812 158,
1141 771 1226 808 159.

213 833 333 871 Sullae
348 835 553 884 respondet,
573 844 608 872 et
634 835 787 872 Romam
808 835 920 872 mittit
939 834 1093 885 legatos,
1114 833 1190 883 qui,
1209 847 1230 869 a

213 897 382 936 Gaetulis
402 898 600 935 latronibus
619 898 777 948 spoliati,
791 899 837 935 ad
858 897 995 936 Sullam
1011 897 1227 948 profugiunt

215 964 301 1005 165,
322 965 406 999 166.
428 962 550 999 delicti
570 964 723 1013 gratiam
738 977 758 999 a
781 963 955 1000 Romanis
973 963 1114 1000 obtinet
1140 963 1226 1002 167.

211 1039 295 1061 cum
317 1025 416 1062 Sulla
436 1026 513 1076 agit
533 1041 597 1076 per
615 1027 878 1064 internuncium
899 1029 984 1067 170.
1005 1026 1227 1077 Jugurtham

215 1089 391 1126 Romanis
411 1090 522 1127 tradit
548 1094 635 1134 173,
662 1093 746 1130 174.

162 1152 345 1190 Bomilcar
373 1153 568 1191 Massivam
597 1168 661 1204 per
680 1154 822 1192 insidias
840 1169 884 1192 ex
904 1153 927 1193 J
931 1155 1111 1206 ugurthae
1130 1168 1229 1191 man·

211 1216 298 1253 dato
317 1230 508 1268 aggressus
528 1219 724 1256 obtruncat
741 1221 803 1258 97.
825 1220 974 1256 vadibus
990 1220 1084 1256 datis
1099 1219 1230 1270 judici-

211 1294 271 1317 um
300 1279 398 1332 fugit
422 1282 507 1318 12²2.
540 1291 577 1318 et
597 1295 617 1318 a
635 1283 820 1333 Jugurtha
839 1282 873 1318 in
905 1283 1114 1320 Numidiam
1132 1282 1228 1319 clam

208 1344 405 1381 dimittitur
424 1347 486 1383 98.
507 1359 591 1382 cum
615 1345 756 1382 Rutilio
775 1355 893 1383 certat
918 1349 1002 1384 114.
1024 1360 1044 1382 a
1071 1345 1229 1384 Metello

209 1409 255 1446 ad
282 1409 503 1460 Jugurtham
522 1409 748 1459 prodendum
768 1409 936 1453 allicitur,
965 1410 1066 1460 quod
1084 1409 1228 1447 efficere

209 1487 275 1523 per
293 1487 330 1510 se
348 1473 482 1511 frustra
499 1482 651 1511 conatus
681 1475 768 1517 122,
804 1473 887 1511 423.
918 1473 1140 1511 Nabdalsam
1159 1474 1228 1510 sibi

208 1537 389 1589 adjungit,
403 1546 440 1579 et
456 1537 624 1575 sollicitat
638 1552 703 1588 per
716 1537 867 1582 litteras,
882 1551 973 1588 quae
988 1551 1008 1574 a
1021 1537 1226 1576 Nabdalsae

212 1601 343 1643 cliente
363 1601 409 1638 ad
427 1602 651 1653 Jugurtham
671 1601 883 1639 deferuntur
907 1606 994 1646 130,
1024 1607 1095 1640 &c-
1124 1616 1144 1639 a
1163 1603 1229 1640 Ju-

209 1665 345 1716 gurtha
359 1679 443 1704 cum
457 1665 532 1702 aliis
548 1666 753 1703 insidiarum
773 1667 879 1704 sociis
898 1667 1116 1704 interficitur
1139 1669 1228 1708 132,

159 1729 279 1772 Bruti,
307 1729 393 1770 dum
411 1730 458 1766 ab
489 1730 607 1767 Roma
627 1731 767 1773 aberat,
795 1731 923 1768 domus
952 1741 1102 1782 propter
1126 1732 1229 1769 Sem-

208 1794 371 1843 proniam
396 1794 653 1846 conjurationis
687 1795 917 1833 Catilinariae
937 1811 1008 1833 non
1029 1796 1140 1834 aliena
1162 1799 1226 1835 32ae

675 1914 707 1955 C

139 1987 325 2027 *CAESAR
342 1986 531 2032 Catulum,
551 2001 658 2038 quem
678 1988 712 2027 in
729 1989 965 2039 pontificatus
984 1990 1161 2041 petitione
1176 1991 1227 2028 vi-

208 2059 322 2095 cerat,
341 2060 378 2091 et
400 2051 581 2102 Pisonem,
611 2066 717 2102 quem
737 2055 1017 2104 repetundarum
1037 2070 1227 2094 accusave-

210 2123 278 2160 rat.
296 2115 460 2156 inimicos
479 2116 604 2154 habuit
615 2132 627 2164 3
646 2127 683 2156 et
698 2127 817 2157 tamen
838 2118 1052 2159 Ciceronem
1071 2130 1229 2172 uterque

1118 2308 1133 2341 ἱ
