1497 2689
243 323 316 358 148
433 311 745 359 SALLUST'H
774 319 1117 361 JUGURTHA.

244 444 464 482 quemquam
483 444 527 468 ex
548 431 752 469 calamitate
779 431 942 477 aliorum,
972 441 1035 470 aut
1054 433 1315 482 imperatorum

248 495 426 545 superbia,
461 503 577 533 metus
611 496 760 545 ceperit.
829 496 992 547 Egomet
1022 498 1057 533 in
1091 497 1247 548 agmine,
1282 497 1317 532 in

247 559 399 609 proelio,
419 559 606 596 consultor
623 560 731 604 idem,
754 568 791 596 et
812 560 928 597 socius
948 560 1112 611 periculi,
1132 561 1318 598 vobiscum

250 622 357 659 adero
372 638 383 668 ς
407 637 536 674 meque
555 637 689 673 vosque
708 623 742 659 in
762 624 928 660 omnibus
943 624 1048 662 rebus
1062 627 1167 676 juxta
1183 634 1319 676 geram.

252 687 305 724 Et
325 686 506 736 profecto,
527 688 583 724 dis
597 687 819 739 juvantibus,
839 688 959 724 omnia
978 696 1117 725 matura
1132 696 1228 731 sunt,
1248 687 1321 724 vic-

250 751 356 795 toria,
376 751 521 800 praeda,
541 750 617 787 laus
634 766 644 788 ε
676 764 766 802 quae
786 751 813 788 si
834 751 944 788 dubia
962 759 1024 788 aut
1044 751 1173 801 procul
1191 760 1322 795 essent,

251 819 370 851 tamen
402 815 516 861 omnis
546 816 662 852 bonos
691 814 909 865 reipublicae
941 815 1127 852 subvenire
1155 816 1320 852 decebat.

254 878 403 915 Etenim
441 878 582 928 ignavia
619 893 723 915 nemo
761 877 970 915 immortalis
1007 877 1127 915 factus
1149 893 1158 916 z
1207 886 1324 927 neque

253 943 443 992 quisquam
463 956 589 992 parens
608 942 740 986 liberis,
764 943 817 979 uti
837 942 970 979 aeterni
990 942 1123 986 forent,
1153 942 1295 992 optavit
1312 955 1322 986 ς

252 1006 380 1057 magis,
409 1007 463 1042 uti
483 1007 569 1043 boni
589 1007 804 1056 honestique
825 1006 934 1043 vitam
953 1007 1153 1057 exigerent.
1213 1006 1322 1043 Plura

252 1070 419 1113 dicerem,
434 1070 609 1119 Quirites,
624 1071 650 1107 si
666 1070 801 1107 timidis
820 1070 990 1107 virtutem
1006 1071 1113 1108 verba
1131 1070 1323 1114 adderent;

253 1148 333 1171 nam
354 1134 507 1171 strenuis
526 1135 667 1171 abunde
687 1134 826 1171 dictum
845 1136 982 1184 put0.''

307 1264 548 1300 LXXXVI.
572 1264 890 1311 HUJUSCEmom
908 1263 1071 1310 oratione
1086 1263 1224 1306 habita,
1242 1262 1327 1299 Ma-

253 1327 338 1370 rius,
358 1336 553 1377 postquam
571 1327 687 1377 plebis
707 1327 842 1364 animos
862 1337 1020 1364 arrectos
1039 1327 1149 1371 videt,
1174 1341 1326 1378 propere

253 1399 471 1434 commeatu,
492 1390 686 1440 stipendio,
711 1392 829 1435 armis,
859 1391 934 1428 aliis
954 1391 1104 1428 utilibus
1129 1391 1225 1428 navis
1243 1405 1329 1427 one-

255 1465 310 1492 rat
328 1471 337 1493 z
369 1469 451 1492 cum
472 1456 526 1492 his
547 1456 602 1492 A.
626 1455 806 1493 Manlium
825 1456 987 1507 legatum
1007 1457 1188 1507 proficisci
1207 1457 1327 1508 jubet.

258 1522 342 1570 Ipse
363 1521 497 1557 interea
516 1520 646 1557 milites
666 1521 835 1565 scribere,
856 1535 927 1557 non
943 1535 1041 1558 more
1061 1524 1251 1572 majorum,
1270 1535 1333 1557 ne-

256 1601 326 1636 que
341 1601 385 1623 ex
406 1586 594 1629 classibus,
616 1586 678 1623 sed
694 1586 747 1622 uti
768 1588 943 1636 cujusque
957 1585 1084 1622 lubido
1100 1593 1190 1629 erat,
1210 1585 1330 1634 capite

254 1664 379 1687 censos
408 1650 612 1700 plerosque.
673 1650 719 1686 Id
749 1648 886 1686 factum
907 1649 964 1686 alii
983 1650 1106 1699 inopia
1134 1650 1328 1693 bonorum,

257 1714 313 1751 alii
333 1729 398 1765 per
416 1714 649 1751 ambitionem
670 1713 838 1757 consulis,
872 1715 1133 1757 memorabant,
1163 1714 1263 1764 quod
1283 1713 1328 1750 ab

256 1796 299 1817 eo
320 1794 450 1830 genere
469 1779 672 1816 celebratus
700 1786 902 1828 auctusque
921 1788 997 1815 erat
1014 1793 1023 1816 :
1054 1788 1091 1815 et
1110 1778 1246 1814 homini
1266 1792 1332 1827 po-

258 1846 407 1883 tentiam
429 1844 614 1895 quaerenti
636 1843 901 1895 egentissumus
921 1843 1073 1894 quisque
1095 1843 1332 1893 opportunis-

260 1925 394 1953 fflimus,
415 1910 473 1946 cui
494 1923 610 1959 neque
630 1922 692 1945 sua
711 1921 831 1951 curae,
851 1907 987 1957 quippe
1007 1921 1098 1957 quae
1117 1906 1213 1944 nulla
1233 1914 1330 1951 sunt,

258 1984 295 2011 et
316 1974 434 2010 omnia
454 1987 535 2010 cum
557 1972 675 2022 pretio
703 1972 854 2008 honesta
873 1971 1050 2008 videntur.
1109 1970 1231 2021 Igitur
1250 1969 1333 2007 Ma-

259 2038 330 2076 rius
351 2051 434 2075 cum
454 2040 585 2088 majore
614 2036 798 2086 aliquanto
830 2049 989 2080 numero,
1019 2048 1126 2085 quam
1145 2035 1333 2071 decretum

259 2111 350 2146 erat,
381 2102 415 2138 in
446 2100 617 2138 Africam
647 2100 848 2150 profectus,
879 2100 1005 2137 diebus
1025 2100 1150 2150 paucis
1180 2098 1333 2143 Uticam

261 2166 463 2209 advehitur.
522 2164 718 2201 Exercitus
748 2164 779 2201 ei
809 2164 967 2201 traditur
984 2177 1005 2200 a
1030 2164 1073 2202 P.
1099 2162 1256 2208 Rutilio,
1283 2161 1334 2204 le-⁴
