<?xml version="1.0" encoding="UTF-8"?>
<!DOCTYPE html PUBLIC "-//W3C//DTD XHTML 1.0 Transitional//EN"
    "http://www.w3.org/TR/xhtml1/DTD/xhtml1-transitional.dtd">
<html xmlns="http://www.w3.org/1999/xhtml" xml:lang="en" lang="en">
 <head>
  <title>
</title>
<meta http-equiv="Content-Type" content="text/html;charset=utf-8" />
  <meta name='ocr-system' content='tesseract 3.04.00' />
  <meta name='ocr-capabilities' content='ocr_page ocr_carea ocr_par ocr_line ocrx_word'/>
</head>
<body>
  <div class='ocr_page' id='page_1' title='image "./quaesupersuntope00salluoft_0144.png"; bbox 0 0 1497 2689; ppageno 0'>
   <div class='ocr_carea' id='block_1_1' title="bbox 248 281 1128 325">
    <p class='ocr_par' dir='ltr' id='par_1_1' title="bbox 248 281 1128 325">
     <span class='ocr_line' id='line_1_1' title="bbox 248 281 1128 325; baseline -0.005 0"><span class='ocrx_word' id='word_1_1' title='bbox 248 288 323 325; x_wconf 77' lang='lat'><strong>132</strong></span> <span class='ocrx_word' id='word_1_2' title='bbox 441 281 756 323; x_wconf 90' lang='lat' dir='ltr'>SALLUSTII</span> <span class='ocrx_word' id='word_1_3' title='bbox 786 282 1128 324; x_wconf 88' lang='lat' dir='ltr'><strong>JUGURTHA.</strong></span> 
     </span>
    </p>
   </div>
   <div class='ocr_carea' id='block_1_2' title="bbox 249 395 1323 498">
    <p class='ocr_par' dir='ltr' id='par_1_2' title="bbox 249 395 1323 498">
     <span class='ocr_line' id='line_1_2' title="bbox 250 395 1323 446; baseline -0.002 -12"><span class='ocrx_word' id='word_1_4' title='bbox 250 395 404 434; x_wconf 86' lang='lat' dir='ltr'><strong>fideliter</strong></span> <span class='ocrx_word' id='word_1_5' title='bbox 423 404 518 440; x_wconf 88' lang='lat' dir='ltr'><strong>acta,</strong></span> <span class='ocrx_word' id='word_1_6' title='bbox 546 409 590 432; x_wconf 89' lang='lat' dir='ltr'><strong>ne</strong></span> <span class='ocrx_word' id='word_1_7' title='bbox 609 410 717 445; x_wconf 85' lang='lat' dir='ltr'><strong>super</strong></span> <span class='ocrx_word' id='word_1_8' title='bbox 742 395 807 433; x_wconf 85' lang='lat' dir='ltr'><strong>tali</strong></span> <span class='ocrx_word' id='word_1_9' title='bbox 840 396 971 433; x_wconf 88' lang='lat' dir='ltr'><strong>scelere</strong></span> <span class='ocrx_word' id='word_1_10' title='bbox 1004 402 1215 446; x_wconf 86' lang='lat' dir='ltr'><strong>suspectum</strong></span> <span class='ocrx_word' id='word_1_11' title='bbox 1246 407 1323 432; x_wconf 81' lang='lat' dir='ltr'><strong>sese</strong></span> 
     </span>
     <span class='ocr_line' id='line_1_3' title="bbox 249 461 411 498; baseline -0.006 -1"><span class='ocrx_word' id='word_1_12' title='bbox 249 461 411 498; x_wconf 87' lang='lat' dir='ltr'><strong>haberet.</strong></span> 
     </span>
    </p>
   </div>
   <div class='ocr_carea' id='block_1_3' title="bbox 253 586 1335 1343">
    <p class='ocr_par' dir='ltr' id='par_1_3' title="bbox 253 586 1335 1343">
     <span class='ocr_line' id='line_1_4' title="bbox 306 586 1327 639; baseline 0 -14"><span class='ocrx_word' id='word_1_13' title='bbox 306 586 490 625; x_wconf 87' lang='lat' dir='ltr'>LXXII.</span> <span class='ocrx_word' id='word_1_14' title='bbox 547 586 618 624; x_wconf 82' lang='lat' dir='ltr'><strong>An</strong></span> <span class='ocrx_word' id='word_1_15' title='bbox 638 599 680 623; x_wconf 91' lang='lat' dir='ltr'><strong>ea</strong></span> <span class='ocrx_word' id='word_1_16' title='bbox 699 599 761 624; x_wconf 86' lang='lat' dir='ltr'><strong>rex</strong></span> <span class='ocrx_word' id='word_1_17' title='bbox 790 586 906 631; x_wconf 87' lang='lat' dir='ltr'><strong>aliter,</strong></span> <span class='ocrx_word' id='word_1_18' title='bbox 934 596 1044 637; x_wconf 90' lang='lat' dir='ltr'><strong>atque</strong></span> <span class='ocrx_word' id='word_1_19' title='bbox 1075 588 1193 625; x_wconf 87' lang='lat' dir='ltr'><strong>animo</strong></span> <span class='ocrx_word' id='word_1_20' title='bbox 1223 601 1327 639; x_wconf 86' lang='lat' dir='ltr'><strong>gere-</strong></span> 
     </span>
     <span class='ocr_line' id='line_1_5' title="bbox 253 649 1327 702; baseline 0 -13"><span class='ocrx_word' id='word_1_21' title='bbox 253 653 332 696; x_wconf 87' lang='lat' dir='ltr'>bat,</span> <span class='ocrx_word' id='word_1_22' title='bbox 360 651 501 701; x_wconf 86' lang='lat' dir='ltr'>placide</span> <span class='ocrx_word' id='word_1_23' title='bbox 521 651 722 700; x_wconf 85' lang='lat' dir='ltr'><strong>respondit.</strong></span> <span class='ocrx_word' id='word_1_24' title='bbox 792 649 1006 695; x_wconf 86' lang='lat' dir='ltr'>Bomilcare,</span> <span class='ocrx_word' id='word_1_25' title='bbox 1022 651 1169 702; x_wconf 89' lang='lat' dir='ltr'><strong>aliisque</strong></span> <span class='ocrx_word' id='word_1_26' title='bbox 1189 651 1327 696; x_wconf 87' lang='lat' dir='ltr'><strong>multis,</strong></span> 
     </span>
     <span class='ocr_line' id='line_1_6' title="bbox 253 715 1328 767; baseline 0 -14"><span class='ocrx_word' id='word_1_27' title='bbox 253 730 346 767; x_wconf 90' lang='lat' dir='ltr'><strong>quos</strong></span> <span class='ocrx_word' id='word_1_28' title='bbox 366 715 482 752; x_wconf 90' lang='lat' dir='ltr'><strong>socios</strong></span> <span class='ocrx_word' id='word_1_29' title='bbox 501 715 709 751; x_wconf 88' lang='lat' dir='ltr'><strong>insidiarum</strong></span> <span class='ocrx_word' id='word_1_30' title='bbox 736 724 971 765; x_wconf 86' lang='lat' dir='ltr'><strong>cognoverat,</strong></span> <span class='ocrx_word' id='word_1_31' title='bbox 999 715 1212 760; x_wconf 88' lang='lat' dir='ltr'><strong>interfectis,</strong></span> <span class='ocrx_word' id='word_1_32' title='bbox 1240 715 1328 753; x_wconf 84' lang='lat' dir='ltr'><strong>iram</strong></span> 
     </span>
     <span class='ocr_line' id='line_1_7' title="bbox 254 779 1328 832; baseline -0.002 -13"><span class='ocrx_word' id='word_1_33' title='bbox 254 789 498 832; x_wconf 80' lang='lat' dir='ltr'><strong>oppresserat,</strong></span> <span class='ocrx_word' id='word_1_34' title='bbox 526 794 569 816; x_wconf 88' lang='lat' dir='ltr'><strong>ne</strong></span> <span class='ocrx_word' id='word_1_35' title='bbox 589 793 662 829; x_wconf 85' lang='lat' dir='ltr'><strong>qua</strong></span> <span class='ocrx_word' id='word_1_36' title='bbox 689 793 734 816; x_wconf 85' lang='lat' dir='ltr'><strong>ex</strong></span> <span class='ocrx_word' id='word_1_37' title='bbox 754 794 797 816; x_wconf 95' lang='lat' dir='ltr'><strong>eo</strong></span> <span class='ocrx_word' id='word_1_38' title='bbox 817 779 967 831; x_wconf 91' lang='lat' dir='ltr'><strong>negotio</strong></span> <span class='ocrx_word' id='word_1_39' title='bbox 1000 780 1128 817; x_wconf 90' lang='lat' dir='ltr'><strong>seditio</strong></span> <span class='ocrx_word' id='word_1_40' title='bbox 1159 780 1328 817; x_wconf 86' lang='lat' dir='ltr'><strong>oriretur.</strong></span> 
     </span>
     <span class='ocr_line' id='line_1_8' title="bbox 255 842 1331 895; baseline -0.003 -12"><span class='ocrx_word' id='word_1_41' title='bbox 255 845 388 895; x_wconf 91' lang='lat' dir='ltr'><strong>Neque</strong></span> <span class='ocrx_word' id='word_1_42' title='bbox 408 852 493 894; x_wconf 89' lang='lat' dir='ltr'><strong>post</strong></span> <span class='ocrx_word' id='word_1_43' title='bbox 512 844 549 880; x_wconf 93' lang='lat' dir='ltr'><strong>id</strong></span> <span class='ocrx_word' id='word_1_44' title='bbox 567 842 733 880; x_wconf 88' lang='lat' dir='ltr'><strong>locorum</strong></span> <span class='ocrx_word' id='word_1_45' title='bbox 753 843 958 894; x_wconf 87' lang='lat' dir='ltr'><strong>Jugurthae</strong></span> <span class='ocrx_word' id='word_1_46' title='bbox 988 844 1063 881; x_wconf 90' lang='lat' dir='ltr'><strong>dies</strong></span> <span class='ocrx_word' id='word_1_47' title='bbox 1082 852 1146 880; x_wconf 87' lang='lat' dir='ltr'><strong>aut</strong></span> <span class='ocrx_word' id='word_1_48' title='bbox 1165 857 1237 880; x_wconf 85' lang='lat' dir='ltr'><strong>nox</strong></span> <span class='ocrx_word' id='word_1_49' title='bbox 1258 843 1331 880; x_wconf 88' lang='lat' dir='ltr'><strong>ulla</strong></span> 
     </span>
     <span class='ocr_line' id='line_1_9' title="bbox 255 906 1331 960; baseline -0.001 -14"><span class='ocrx_word' id='word_1_50' title='bbox 255 909 379 960; x_wconf 88' lang='lat' dir='ltr'><strong>quieta</strong></span> <span class='ocrx_word' id='word_1_51' title='bbox 398 908 522 945; x_wconf 87' lang='lat' dir='ltr'><strong>fuere:</strong></span> <span class='ocrx_word' id='word_1_52' title='bbox 553 922 669 958; x_wconf 90' lang='lat' dir='ltr'><strong>neque</strong></span> <span class='ocrx_word' id='word_1_53' title='bbox 698 906 795 951; x_wconf 88' lang='lat' dir='ltr'><strong>loco,</strong></span> <span class='ocrx_word' id='word_1_54' title='bbox 824 922 941 957; x_wconf 89' lang='lat' dir='ltr'><strong>neque</strong></span> <span class='ocrx_word' id='word_1_55' title='bbox 972 907 1115 944; x_wconf 80' lang='lat' dir='ltr'>mortali</span> <span class='ocrx_word' id='word_1_56' title='bbox 1146 907 1331 958; x_wconf 87' lang='lat' dir='ltr'>cuiquam,</span> 
     </span>
     <span class='ocr_line' id='line_1_10' title="bbox 254 971 1333 1022; baseline -0.002 -13"><span class='ocrx_word' id='word_1_57' title='bbox 254 981 318 1010; x_wconf 91' lang='lat' dir='ltr'><strong>aut</strong></span> <span class='ocrx_word' id='word_1_58' title='bbox 337 972 507 1021; x_wconf 88' lang='lat' dir='ltr'><strong>tempori,</strong></span> <span class='ocrx_word' id='word_1_59' title='bbox 527 971 611 1008; x_wconf 83' lang='lat' dir='ltr'><strong>satis</strong></span> <span class='ocrx_word' id='word_1_60' title='bbox 632 971 777 1008; x_wconf 88' lang='lat' dir='ltr'><strong>credere</strong></span> <span class='ocrx_word' id='word_1_61' title='bbox 796 986 805 1008; x_wconf 68' lang='grc' dir='ltr'><em>ε</em></span> <span class='ocrx_word' id='word_1_62' title='bbox 840 971 939 1015; x_wconf 89' lang='lat' dir='ltr'><strong>civis,</strong></span> <span class='ocrx_word' id='word_1_63' title='bbox 967 971 1095 1016; x_wconf 86' lang='lat' dir='ltr'><strong>hostis,</strong></span> <span class='ocrx_word' id='word_1_64' title='bbox 1119 973 1227 1022; x_wconf 89' lang='lat' dir='ltr'><strong>juxta</strong></span> <span class='ocrx_word' id='word_1_65' title='bbox 1258 984 1333 1008; x_wconf 89' lang='lat' dir='ltr'><strong>me-</strong></span> 
     </span>
     <span class='ocr_line' id='line_1_11' title="bbox 255 1035 1333 1085; baseline -0.002 -11"><span class='ocrx_word' id='word_1_66' title='bbox 255 1046 384 1075; x_wconf 87' lang='lat' dir='ltr'><strong>tuere:</strong></span> <span class='ocrx_word' id='word_1_67' title='bbox 417 1036 722 1085; x_wconf 80' lang='lat' dir='ltr'><strong>circumspectare</strong></span> <span class='ocrx_word' id='word_1_68' title='bbox 742 1036 874 1079; x_wconf 89' lang='lat' dir='ltr'><strong>omnia,</strong></span> <span class='ocrx_word' id='word_1_69' title='bbox 902 1045 939 1073; x_wconf 90' lang='lat' dir='ltr'><strong>et</strong></span> <span class='ocrx_word' id='word_1_70' title='bbox 959 1036 1055 1072; x_wconf 88' lang='lat' dir='ltr'><strong>omni</strong></span> <span class='ocrx_word' id='word_1_71' title='bbox 1084 1035 1237 1085; x_wconf 90' lang='lat' dir='ltr'><strong>strepitu</strong></span> <span class='ocrx_word' id='word_1_72' title='bbox 1269 1049 1333 1085; x_wconf 89' lang='lat' dir='ltr'><strong>pa-</strong></span> 
     </span>
     <span class='ocr_line' id='line_1_12' title="bbox 258 1099 1335 1150; baseline -0.001 -12"><span class='ocrx_word' id='word_1_73' title='bbox 258 1114 398 1138; x_wconf 80' lang='lat' dir='ltr'><strong>vescere</strong></span> <span class='ocrx_word' id='word_1_74' title='bbox 414 1115 423 1137; x_wconf 90' lang='lat'><strong>:</strong></span> <span class='ocrx_word' id='word_1_75' title='bbox 455 1099 525 1136; x_wconf 88' lang='lat' dir='ltr'><strong>alio</strong></span> <span class='ocrx_word' id='word_1_76' title='bbox 545 1107 657 1149; x_wconf 90' lang='lat' dir='ltr'><strong>atque</strong></span> <span class='ocrx_word' id='word_1_77' title='bbox 677 1099 747 1135; x_wconf 90' lang='lat' dir='ltr'><strong>alio</strong></span> <span class='ocrx_word' id='word_1_78' title='bbox 767 1099 864 1143; x_wconf 92' lang='lat' dir='ltr'><strong>loco,</strong></span> <span class='ocrx_word' id='word_1_79' title='bbox 884 1113 989 1150; x_wconf 87' lang='lat' dir='ltr'><strong>saepe</strong></span> <span class='ocrx_word' id='word_1_80' title='bbox 1004 1108 1131 1137; x_wconf 84' lang='lat' dir='ltr'><strong>contra</strong></span> <span class='ocrx_word' id='word_1_81' title='bbox 1150 1100 1260 1137; x_wconf 91' lang='lat' dir='ltr'><strong>decus</strong></span> <span class='ocrx_word' id='word_1_82' title='bbox 1279 1113 1335 1137; x_wconf 91' lang='lat' dir='ltr'><strong>re-</strong></span> 
     </span>
     <span class='ocr_line' id='line_1_13' title="bbox 258 1163 1335 1218; baseline -0.001 -16"><span class='ocrx_word' id='word_1_83' title='bbox 258 1166 373 1218; x_wconf 87' lang='lat' dir='ltr'><strong>gium,</strong></span> <span class='ocrx_word' id='word_1_84' title='bbox 394 1173 507 1202; x_wconf 86' lang='lat' dir='ltr'><strong>noctu</strong></span> <span class='ocrx_word' id='word_1_85' title='bbox 527 1165 750 1213; x_wconf 87' lang='lat' dir='ltr'><strong>requiescere</strong></span> <span class='ocrx_word' id='word_1_86' title='bbox 768 1179 776 1201; x_wconf 92' lang='lat'>:</span> <span class='ocrx_word' id='word_1_87' title='bbox 807 1163 1002 1208; x_wconf 89' lang='lat' dir='ltr'><strong>interdum,</strong></span> <span class='ocrx_word' id='word_1_88' title='bbox 1034 1178 1158 1201; x_wconf 87' lang='lat' dir='ltr'><strong>somno</strong></span> <span class='ocrx_word' id='word_1_89' title='bbox 1177 1164 1335 1208; x_wconf 83' lang='lat' dir='ltr'><strong>excitus,</strong></span> 
     </span>
     <span class='ocr_line' id='line_1_14' title="bbox 259 1227 1335 1279; baseline -0.003 -12"><span class='ocrx_word' id='word_1_90' title='bbox 259 1229 411 1279; x_wconf 83' lang='lat' dir='ltr'><strong>arreptis</strong></span> <span class='ocrx_word' id='word_1_91' title='bbox 431 1228 535 1265; x_wconf 91' lang='lat' dir='ltr'><strong>armis</strong></span> <span class='ocrx_word' id='word_1_92' title='bbox 555 1228 755 1265; x_wconf 86' lang='lat' dir='ltr'><strong>tumultum</strong></span> <span class='ocrx_word' id='word_1_93' title='bbox 771 1227 913 1266; x_wconf 88' lang='lat' dir='ltr'><strong>facere:</strong></span> <span class='ocrx_word' id='word_1_94' title='bbox 943 1228 993 1265; x_wconf 88' lang='lat' dir='ltr'><strong>ita</strong></span> <span class='ocrx_word' id='word_1_95' title='bbox 1012 1227 1214 1272; x_wconf 86' lang='lat' dir='ltr'><strong>formidine,</strong></span> <span class='ocrx_word' id='word_1_96' title='bbox 1235 1227 1335 1278; x_wconf 89' lang='lat' dir='ltr'><strong>quasi</strong></span> 
     </span>
     <span class='ocr_line' id='line_1_15' title="bbox 258 1292 659 1343; baseline -0.005 -14"><span class='ocrx_word' id='word_1_97' title='bbox 258 1293 442 1336; x_wconf 83' lang='lat' dir='ltr'><strong>vecordia,</strong></span> <span class='ocrx_word' id='word_1_98' title='bbox 470 1292 659 1343; x_wconf 85' lang='lat' dir='ltr'><strong>exagitari.</strong></span> 
     </span>
    </p>
   </div>
   <div class='ocr_carea' id='block_1_4' title="bbox 209 1418 1347 2180">
    <p class='ocr_par' dir='ltr' id='par_1_4' title="bbox 209 1418 1347 2180">
     <span class='ocr_line' id='line_1_16' title="bbox 315 1418 1338 1462; baseline -0.003 -4"><span class='ocrx_word' id='word_1_99' title='bbox 315 1420 525 1458; x_wconf 85' lang='lat' dir='ltr'>LXXIII.</span> <span class='ocrx_word' id='word_1_100' title='bbox 586 1420 747 1457; x_wconf 78' lang='lat' dir='ltr'>IG1TUR</span> <span class='ocrx_word' id='word_1_101' title='bbox 770 1418 959 1462; x_wconf 90' lang='lat' dir='ltr'><strong>Metellus,</strong></span> <span class='ocrx_word' id='word_1_102' title='bbox 988 1418 1052 1455; x_wconf 89' lang='lat' dir='ltr'><strong>ubi</strong></span> <span class='ocrx_word' id='word_1_103' title='bbox 1082 1419 1126 1455; x_wconf 91' lang='lat' dir='ltr'><strong>de</strong></span> <span class='ocrx_word' id='word_1_104' title='bbox 1146 1432 1231 1456; x_wconf 87' lang='lat' dir='ltr'><strong>casu</strong></span> <span class='ocrx_word' id='word_1_105' title='bbox 1266 1419 1338 1456; x_wconf 91' lang='lat' dir='ltr'><strong>Bo-</strong></span> 
     </span>
     <span class='ocr_line' id='line_1_17' title="bbox 261 1482 1339 1534; baseline -0.003 -12"><span class='ocrx_word' id='word_1_106' title='bbox 261 1485 431 1528; x_wconf 84' lang='lat' dir='ltr'><strong>milcaris,</strong></span> <span class='ocrx_word' id='word_1_107' title='bbox 453 1493 490 1521; x_wconf 93' lang='lat' dir='ltr'><strong>et</strong></span> <span class='ocrx_word' id='word_1_108' title='bbox 509 1484 643 1521; x_wconf 88' lang='lat' dir='ltr'><strong>indicio</strong></span> <span class='ocrx_word' id='word_1_109' title='bbox 663 1482 864 1534; x_wconf 83' lang='lat' dir='ltr'><strong>patefactO,</strong></span> <span class='ocrx_word' id='word_1_110' title='bbox 883 1497 928 1520; x_wconf 86' lang='lat' dir='ltr'><strong>ex</strong></span> <span class='ocrx_word' id='word_1_111' title='bbox 953 1482 1118 1534; x_wconf 87' lang='lat' dir='ltr'><strong>perfugis</strong></span> <span class='ocrx_word' id='word_1_112' title='bbox 1151 1483 1339 1534; x_wconf 87' lang='lat' dir='ltr'><strong>cognovit,</strong></span> 
     </span>
     <span class='ocr_line' id='line_1_18' title="bbox 261 1546 1340 1599; baseline -0.002 -13"><span class='ocrx_word' id='word_1_113' title='bbox 261 1563 399 1592; x_wconf 89' lang='lat' dir='ltr'><strong>rursus,</strong></span> <span class='ocrx_word' id='word_1_114' title='bbox 428 1558 615 1598; x_wconf 85' lang='lat' dir='ltr'><strong>tamquam</strong></span> <span class='ocrx_word' id='word_1_115' title='bbox 634 1548 681 1584; x_wconf 89' lang='lat' dir='ltr'><strong>ad</strong></span> <span class='ocrx_word' id='word_1_116' title='bbox 700 1548 883 1599; x_wconf 88' lang='lat' dir='ltr'><strong>integrum</strong></span> <span class='ocrx_word' id='word_1_117' title='bbox 901 1546 1051 1591; x_wconf 90' lang='lat' dir='ltr'><strong>bellum,</strong></span> <span class='ocrx_word' id='word_1_118' title='bbox 1079 1557 1213 1584; x_wconf 89' lang='lat' dir='ltr'><strong>cuncta</strong></span> <span class='ocrx_word' id='word_1_119' title='bbox 1235 1556 1340 1597; x_wconf 85' lang='lat' dir='ltr'><strong>parat</strong></span> 
     </span>
     <span class='ocr_line' id='line_1_19' title="bbox 263 1611 1339 1664; baseline -0.002 -13"><span class='ocrx_word' id='word_1_120' title='bbox 263 1613 499 1663; x_wconf 85' lang='lat' dir='ltr'><strong>festinatque.</strong></span> <span class='ocrx_word' id='word_1_121' title='bbox 559 1612 733 1656; x_wconf 56' lang='lat' dir='ltr'><strong>Manum,</strong></span> <span class='ocrx_word' id='word_1_122' title='bbox 771 1612 988 1664; x_wconf 85' lang='lat' dir='ltr'><strong>fatigantem</strong></span> <span class='ocrx_word' id='word_1_123' title='bbox 1021 1612 1065 1649; x_wconf 92' lang='lat' dir='ltr'><strong>de</strong></span> <span class='ocrx_word' id='word_1_124' title='bbox 1097 1611 1339 1662; x_wconf 89' lang='lat' dir='ltr'><strong>profectione,</strong></span> 
     </span>
     <span class='ocr_line' id='line_1_20' title="bbox 264 1677 1340 1728; baseline -0.001 -12"><span class='ocrx_word' id='word_1_125' title='bbox 264 1678 370 1716; x_wconf 85' lang='lat' dir='ltr'><strong>simul</strong></span> <span class='ocrx_word' id='word_1_126' title='bbox 389 1687 426 1715; x_wconf 91' lang='lat' dir='ltr'><strong>et</strong></span> <span class='ocrx_word' id='word_1_127' title='bbox 446 1677 613 1721; x_wconf 88' lang='lat' dir='ltr'><strong>invitum,</strong></span> <span class='ocrx_word' id='word_1_128' title='bbox 641 1686 678 1714; x_wconf 93' lang='lat' dir='ltr'><strong>et</strong></span> <span class='ocrx_word' id='word_1_129' title='bbox 697 1677 874 1715; x_wconf 88' lang='lat' dir='ltr'><strong>offensum</strong></span> <span class='ocrx_word' id='word_1_130' title='bbox 903 1677 982 1722; x_wconf 90' lang='lat' dir='ltr'><strong>sibi,</strong></span> <span class='ocrx_word' id='word_1_131' title='bbox 1011 1692 1139 1728; x_wconf 86' lang='lat' dir='ltr'><strong>parum</strong></span> <span class='ocrx_word' id='word_1_132' title='bbox 1170 1678 1340 1715; x_wconf 88' lang='lat' dir='ltr'><strong>idoneum</strong></span> 
     </span>
     <span class='ocr_line' id='line_1_21' title="bbox 261 1741 1340 1792; baseline -0.002 -11"><span class='ocrx_word' id='word_1_133' title='bbox 261 1753 385 1787; x_wconf 82' lang='lat' dir='ltr'><strong>ratus„</strong></span> <span class='ocrx_word' id='word_1_134' title='bbox 405 1743 552 1780; x_wconf 92' lang='lat' dir='ltr'><strong>domum</strong></span> <span class='ocrx_word' id='word_1_135' title='bbox 574 1742 741 1779; x_wconf 84' lang='lat' dir='ltr'><strong>dimittit.</strong></span> <span class='ocrx_word' id='word_1_136' title='bbox 800 1742 853 1779; x_wconf 89' lang='lat' dir='ltr'><strong>Et</strong></span> <span class='ocrx_word' id='word_1_137' title='bbox 877 1743 1016 1780; x_wconf 85' lang='lat' dir='ltr'><strong>Romae</strong></span> <span class='ocrx_word' id='word_1_138' title='bbox 1031 1741 1168 1792; x_wconf 87' lang='lat' dir='ltr'><strong>plebes,</strong></span> <span class='ocrx_word' id='word_1_139' title='bbox 1196 1741 1340 1786; x_wconf 85' lang='lat' dir='ltr'><strong>litteris,</strong></span> 
     </span>
     <span class='ocr_line' id='line_1_22' title="bbox 262 1806 1343 1858; baseline -0.001 -14"><span class='ocrx_word' id='word_1_140' title='bbox 262 1822 354 1858; x_wconf 86' lang='lat' dir='ltr'><strong>quae</strong></span> <span class='ocrx_word' id='word_1_141' title='bbox 375 1807 419 1844; x_wconf 91' lang='lat' dir='ltr'><strong>de</strong></span> <span class='ocrx_word' id='word_1_142' title='bbox 453 1806 612 1844; x_wconf 88' lang='lat' dir='ltr'><strong>Metello</strong></span> <span class='ocrx_word' id='word_1_143' title='bbox 643 1820 684 1843; x_wconf 89' lang='lat' dir='ltr'><strong>ac</strong></span> <span class='ocrx_word' id='word_1_144' title='bbox 719 1806 841 1844; x_wconf 90' lang='lat' dir='ltr'><strong>Mario</strong></span> <span class='ocrx_word' id='word_1_145' title='bbox 871 1808 996 1844; x_wconf 85' lang='lat' dir='ltr'><strong>missae</strong></span> <span class='ocrx_word' id='word_1_146' title='bbox 1026 1816 1141 1850; x_wconf 87' lang='lat' dir='ltr'><strong>erant,</strong></span> <span class='ocrx_word' id='word_1_147' title='bbox 1169 1807 1343 1858; x_wconf 74' lang='lat' dir='ltr'><strong>cognitis,</strong></span> 
     </span>
     <span class='ocr_line' id='line_1_23' title="bbox 262 1871 1343 1921; baseline 0.001 -13"><span class='ocrx_word' id='word_1_148' title='bbox 262 1871 397 1908; x_wconf 84' lang='lat' dir='ltr'><strong>volenti</strong></span> <span class='ocrx_word' id='word_1_149' title='bbox 419 1871 538 1908; x_wconf 89' lang='lat' dir='ltr'><strong>animo</strong></span> <span class='ocrx_word' id='word_1_150' title='bbox 558 1871 602 1908; x_wconf 90' lang='lat' dir='ltr'><strong>de</strong></span> <span class='ocrx_word' id='word_1_151' title='bbox 623 1871 798 1908; x_wconf 85' lang='lat' dir='ltr'><strong>ambobus</strong></span> <span class='ocrx_word' id='word_1_152' title='bbox 828 1880 1056 1921; x_wconf 88' lang='lat' dir='ltr'><strong>acceperant.</strong></span> <span class='ocrx_word' id='word_1_153' title='bbox 1125 1872 1343 1921; x_wconf 88' lang='lat' dir='ltr'><strong>Imperatori</strong></span> 
     </span>
     <span class='ocr_line' id='line_1_24' title="bbox 263 1934 1344 1986; baseline 0.001 -13"><span class='ocrx_word' id='word_1_154' title='bbox 263 1936 449 1980; x_wconf 84' lang='lat' dir='ltr'><strong>nobilitas,</strong></span> <span class='ocrx_word' id='word_1_155' title='bbox 479 1949 572 1986; x_wconf 89' lang='lat' dir='ltr'><strong>quae</strong></span> <span class='ocrx_word' id='word_1_156' title='bbox 592 1945 697 1972; x_wconf 84' lang='lat' dir='ltr'><strong>antea</strong></span> <span class='ocrx_word' id='word_1_157' title='bbox 716 1935 852 1979; x_wconf 86' lang='lat' dir='ltr'><strong>decori,</strong></span> <span class='ocrx_word' id='word_1_158' title='bbox 879 1934 1030 1973; x_wconf 90' lang='lat' dir='ltr'><strong>invidiae</strong></span> <span class='ocrx_word' id='word_1_159' title='bbox 1042 1949 1118 1973; x_wconf 84' lang='lat' dir='ltr'><strong>esse</strong></span> <span class='ocrx_word' id='word_1_160' title='bbox 1135 1951 1146 1974; x_wconf 72' lang='grc' dir='ltr'><em>τ</em></span> <span class='ocrx_word' id='word_1_161' title='bbox 1166 1944 1204 1972; x_wconf 90' lang='lat' dir='ltr'><strong>at</strong></span> <span class='ocrx_word' id='word_1_162' title='bbox 1223 1935 1273 1972; x_wconf 90' lang='lat' dir='ltr'><strong>illi</strong></span> <span class='ocrx_word' id='word_1_163' title='bbox 1292 1936 1344 1974; x_wconf 88' lang='lat' dir='ltr'><strong>al-</strong></span> 
     </span>
     <span class='ocr_line' id='line_1_25' title="bbox 265 1999 1346 2051; baseline -0.001 -13"><span class='ocrx_word' id='word_1_164' title='bbox 265 2000 334 2038; x_wconf 91' lang='lat' dir='ltr'><strong>teri</strong></span> <span class='ocrx_word' id='word_1_165' title='bbox 355 2001 495 2051; x_wconf 87' lang='lat' dir='ltr'><strong>generis</strong></span> <span class='ocrx_word' id='word_1_166' title='bbox 514 1999 698 2037; x_wconf 86' lang='lat' dir='ltr'><strong>humilitas</strong></span> <span class='ocrx_word' id='word_1_167' title='bbox 718 1999 877 2037; x_wconf 85' lang='lat' dir='ltr'><strong>favorem</strong></span> <span class='ocrx_word' id='word_1_168' title='bbox 896 2000 1106 2038; x_wconf 85' lang='lat' dir='ltr'><strong>addiderat:</strong></span> <span class='ocrx_word' id='word_1_169' title='bbox 1136 2009 1295 2037; x_wconf 83' lang='lat' dir='ltr'><strong>ceterum</strong></span> <span class='ocrx_word' id='word_1_170' title='bbox 1308 2000 1346 2038; x_wconf 83' lang='lat' dir='ltr'><strong>in</strong></span> 
     </span>
     <span class='ocr_line' id='line_1_26' title="bbox 264 2063 1347 2115; baseline 0.001 -14"><span class='ocrx_word' id='word_1_171' title='bbox 264 2073 422 2115; x_wconf 88' lang='lat' dir='ltr'><strong>utroque</strong></span> <span class='ocrx_word' id='word_1_172' title='bbox 443 2065 557 2115; x_wconf 86' lang='lat' dir='ltr'><strong>magis</strong></span> <span class='ocrx_word' id='word_1_173' title='bbox 578 2063 698 2102; x_wconf 89' lang='lat' dir='ltr'><strong>studia</strong></span> <span class='ocrx_word' id='word_1_174' title='bbox 717 2064 893 2114; x_wconf 86' lang='lat' dir='ltr'><strong>partium,</strong></span> <span class='ocrx_word' id='word_1_175' title='bbox 920 2078 1028 2115; x_wconf 90' lang='lat' dir='ltr'><strong>quam</strong></span> <span class='ocrx_word' id='word_1_176' title='bbox 1046 2065 1142 2101; x_wconf 91' lang='lat' dir='ltr'><strong>bona</strong></span> <span class='ocrx_word' id='word_1_177' title='bbox 1162 2074 1224 2102; x_wconf 90' lang='lat' dir='ltr'><strong>aut</strong></span> <span class='ocrx_word' id='word_1_178' title='bbox 1253 2064 1347 2102; x_wconf 81' lang='lat' dir='ltr'><strong>mala</strong></span> 
     </span>
     <span class='ocr_line' id='line_1_27' title="bbox 209 2128 1344 2180; baseline -0.002 -12"><span class='ocrx_word' id='word_1_179' title='bbox 209 2171 213 2177; x_wconf 55' lang='grc'><strong>,</strong></span> <span class='ocrx_word' id='word_1_180' title='bbox 266 2143 342 2175; x_wconf 72' lang='lat' dir='ltr'><strong>sua,</strong></span> <span class='ocrx_word' id='word_1_181' title='bbox 364 2130 561 2168; x_wconf 85' lang='lat' dir='ltr'><strong>moderata.</strong></span> <span class='ocrx_word' id='word_1_182' title='bbox 622 2129 813 2166; x_wconf 80' lang='lat' dir='ltr'><strong>Praeterea</strong></span> <span class='ocrx_word' id='word_1_183' title='bbox 833 2128 992 2167; x_wconf 87' lang='lat' dir='ltr'><strong>seditiosi</strong></span> <span class='ocrx_word' id='word_1_184' title='bbox 1011 2129 1245 2180; x_wconf 79' lang='lat' dir='ltr'><strong>magistratus</strong></span> <span class='ocrx_word' id='word_1_185' title='bbox 1267 2128 1344 2167; x_wconf 71' lang='lat' dir='ltr'><strong>vo}-</strong></span> 
     </span>
    </p>
   </div>
  </div>
 </body>
</html>
