1451 2719
486 211 792 251 INDEX.
1113 211 1191 248 ‘249

637 326 673 363 R

104 401 373 439 Rnomontm
396 400 521 438 civitas
541 399 681 451 populo
706 399 888 442 Romano,
919 398 1021 448 cujus
1045 395 1177 446 opibus

154 472 331 508 creverat,
351 464 461 501 infida
483 468 545 503 41.

105 529 246 569 Romae
265 529 386 580 origo,
406 530 679 574 incrementum,
700 527 894 572 fortitudo,
916 530 954 572 5,
975 529 1013 571 6,
1035 530 1106 564 &c.
1128 525 1179 561 vi-

154 593 207 630 tia
227 596 263 631 8.
285 593 405 630 omnia
424 594 560 631 venalia
581 598 616 631 8.
642 594 891 630 Romanorum
912 605 1029 628 mores
1043 599 1127 628 ante
1142 599 1180 627 et

154 666 242 708 post
262 657 525 709 Carthaginem
546 658 702 696 deletam
726 662 814 705 103,
836 662 906 696 &c-

107 722 284 768 Rutilius,
305 721 450 774 legatus
470 722 615 761 Metelli
639 727 725 761 111.

630 845 656 882 S

108 917 385 956 SALtusrius
406 917 696 956 adolescentulus
716 919 838 957 studio
853 919 898 956 ad
918 932 1032 968 remp.
1054 917 1184 960 fertur,

159 983 222 1020 ubi
242 983 357 1020 multa
388 983 534 1020 adversa
553 997 678 1034 passus
710 987 745 1022 3.
776 997 830 1021 res
863 982 991 1034 populi
1028 981 1187 1019 Romani

160 1057 284 1100 gestas
303 1047 459 1098 carptim
487 1049 708 1098 perscribere
729 1049 859 1086 statuit
879 1051 916 1086 4.
951 1047 1187 1098 magistratus

158 1115 314 1164 adeptus
334 1117 398 1153 63.
429 1113 538 1151 libros
559 1113 653 1165 regis
683 1112 910 1164 Hiempsalis
930 1112 1089 1151 Punicos
1122 1125 1187 1161 per

161 1179 398 1228 interpretem
417 1178 576 1216 consulit
597 1180 659 1218 79.

111 1243 269 1282 Scaurus
290 1241 515 1292 Hiempsalis
535 1252 690 1280 mortem
704 1257 822 1280 severe
835 1242 1086 1280 vindicandam
1105 1256 1188 1279 cen-

162 1317 218 1346 set
237 1309 300 1348 77.
332 1316 476 1344 senatus
497 1307 665 1358 princeps
684 1318 722 1345 et
744 1307 941 1345 consularis
961 1307 995 1343 in
1016 1306 1190 1344 Africam

160 1370 308 1424 legatur
329 1373 392 1410 86.
424 1370 615 1421 Calpurnii
637 1372 796 1416 Bestiae,
817 1371 989 1415 consulis,
1015 1371 1133 1408 socius
1153 1380 1190 1408 et

162 1436 374 1473 administer
392 1435 625 1473 consiliorum
647 1439 709 1476 89.
742 1436 993 1488 magnitudine
1018 1435 1192 1486 pecuniae

164 1514 185 1537 a
203 1501 302 1538 bono
321 1499 357 1536 in
377 1513 527 1550 pravum
554 1501 773 1545 abstractus,
801 1502 824 1540 J
827 1501 1007 1552 ugurthae
1027 1500 1125 1538 favet
1144 1501 1188 1538 ib.

167 1569 238 1603 &c.
270 1564 469 1615 Quaesitor
486 1574 630 1602 creatus
653 1567 740 1603 102.

114 1629 240 1680 Scipio
253 1627 457 1666 Africanus
473 1628 702 1666 Masinissam
717 1630 751 1666 in
767 1629 963 1667 amicitiam
975 1630 1105 1680 recipit
1125 1631 1190 1668 65.

168 1693 204 1730 in
223 1693 321 1731 bello
342 1693 570 1731 Numantino
589 1693 787 1744 imperator
805 1708 929 1731 omnes
950 1693 1023 1731 fere
1054 1707 1109 1730 res
1138 1707 1196 1730 as-

165 1771 271 1809 peras
289 1757 367 1809 agit
387 1771 452 1807 per
470 1757 493 1795 J
497 1757 707 1809 ugurtham,
728 1772 850 1808 quem,
871 1759 1046 1796 donatum
1068 1767 1105 1796 et
1125 1772 1194 1808 pro

167 1822 342 1860 concione
361 1821 563 1867 laudatum,
583 1822 736 1859 dimittit
752 1836 836 1860 cum
847 1822 978 1860 litteris
997 1823 1042 1861 ad
1055 1822 1193 1874 Micip-

169 1900 244 1924 sam
263 1887 330 1931 67,
359 1888 424 1925 68.

120 1950 334 2001 Sempronia
352 1950 447 1987 inter
465 1952 672 2003 conjuratos
693 1952 756 1989 20.

121 2015 285 2059 Saenius,
315 2023 470 2059 senator,
498 2014 636 2052 litteras
661 2015 706 2053 de
726 2014 855 2054 Manlii
887 2016 1133 2068 conjuratione
1159 2015 1193 2053 in

173 2087 299 2117 senatu
319 2079 448 2118 recitat
469 2081 533 2124 24,
562 2081 624 2118 25.

625 2145 643 2181 Ι
673 2144 685 2181 i
