1497 2689
205 235 282 272 252
602 232 622 269 Ι
652 232 691 270 N
718 232 760 270 D
791 232 907 270 E‘X.

263 343 407 382 Mulvio
427 358 492 394 per
510 343 654 380 insidias
674 343 930 396 Allobrogum
948 343 1148 381 comitatus
1169 342 1298 394 depre-

263 410 429 447 hendunt
448 412 511 453 35,
533 412 596 447 36.

212 474 476 526 Vargunteius,
506 482 664 518 senator,
692 487 776 510 cum
796 465 984 518 Cornelio,
1012 474 1137 524 equite
1160 474 1299 512 Roma-

267 553 328 582 no,
358 538 573 576 Ciceronem
595 538 693 575 domi
713 548 929 588 lmparatum
950 539 996 576 de
1014 539 1210 589 improviso
1229 553 1298 590 op-

266 603 419 653 primere
439 603 632 640 constituit
662 604 726 646 22,
748 605 811 640 ⁶23.

217 668 430 706 Umbrenus
450 667 679 718 Allobroges
700 668 746 704 ad
765 668 1028 719 conjurandum
1047 667 1217 704 hortatur
1233 669 1296 705 32.

217 732 358 776 Volux,
390 732 531 769 Bocchi
553 731 646 768 filius
671 735 758 770 163.
789 746 808 768 a
824 731 981 769 Metello
1002 740 1209 782 suspectus,
1228 731 1305 769 abi-

266 810 303 833 re
324 797 450 833 castris
465 797 618 848 jubetur
641 799 728 835 169.

214 860 443 905 Volturcius,
474 860 739 905 Crotoniensis,
767 875 788 898 a
808 860 973 899 Lentulo
1003 862 1194 912 conjurato
1213 873 1298 897 cum

266 924 522 976 Allobrogum
536 924 666 976 legatis
681 934 718 962 et
734 924 865 962 litteris
885 925 931 962 ad
945 924 1139 963 Catilinam
1155 924 1300 969 missus,

264 989 299 1026 in
320 998 434 1039 ponte
454 988 599 1026 Mulvio
632 990 917 1040 deprehenditur
950 991 1014 1033 35,
1037 991 1101 1028 36.
1131 989 1301 1040 conjura-

264 1053 401 1091 tionem
422 1053 601 1103 patefacit
623 1057 686 1094 37.
716 1055 821 1105 eique
850 1068 891 1091 ac
911 1053 1166 1105 Allobrogum
1197 1051 1300 1103 lega-

267 1119 313 1156 tis
334 1119 381 1156 ob
402 1119 574 1155 indicium
594 1133 614 1155 a
643 1128 769 1156 senatu
789 1119 946 1170 praemia
966 1118 1212 1155 decernuntur
1232 1119 1298 1154 40.

737 1241 770 1277 Z

213 1314 359 1358 ΖΑΜΑ,
388 1314 584 1351 Numidiae
604 1328 666 1351 arx
707 1317 793 1352 118.
823 1328 843 1352 a
877 1313 1036 1352 Metello
1066 1313 1201 1351 frustra
1230 1326 1299 1365 op-

267 1389 455 1432 pugnatur
477 1381 694 1418 119—1‘2‘2.

658 1714 854 1741 Fxnls.

725 2089 775 2120 Cu
783 2098 851 2126 Pru,
875 2086 979 2129 Typis
995 2084 1133 2117 Roberti
1147 2083 1267 2119 Tullia.
