1497 2689
267 286 344 323 224·
428 282 742 322 SALLUSTII
773 282 1161 323 FRAGMENTA.

318 396 385 439 Et,
407 394 562 433 Metello
580 395 709 445 procul
723 405 869 447 agente,
887 395 998 447 longa
1014 410 1094 446 spes
1106 395 1334 438 auxiliorum,

263 460 372 498 Idem.

315 523 424 562 More
439 523 613 573 equestris
633 522 758 573 proelii
775 524 901 560 sumtis
917 523 1030 574 tergis
1045 533 1154 574 atque
1171 525 1334 568 redditis,

260 596 298 624 et
317 588 450 638 egressi
470 588 515 624 ad
536 587 712 624 faciliores
737 587 832 624 ictus
851 587 934 625 loco
954 588 1145 627 cedebant.
1203 589 1313 633 Idem.

314 651 444 689 Castra
463 652 536 688 sine
557 651 701 688 vulnere
720 651 924 689 introitum.
983 652 1092 691 Idem.

313 715 458 752 Multos
488 725 606 752 tamen
637 716 682 752 ab
712 714 955 753 adolescentia
984 716 1099 754 bonos
1131 716 1329 758 insultavit.

263 780 360 818 Idem
379 790 409 817 et
429 781 604 817 Donatus.

316 845 426 882 Cosa.
481 846 639 881 Servius.

312 909 431 958 Equis
451 917 561 958 atque
581 906 688 944 armis
707 904 922 959 insignibus.
981 907 1090 947 Idem.

313 973 444 1009 Fessus
463 972 498 1008 in
526 971 782 1021 Pamphyliam
802 985 838 1008 se
858 981 1055 1022 receperat.
1114 971 1222 1014 Idem,

311 1035 506 1074 Profectus
538 1035 684 1087 quidam
723 1035 844 1087 Ligus
878 1036 924 1075 ad
960 1036 1131 1086 requisita
1167 1045 1327 1076 naturae«

262 1101 398 1151 Quinct.

309 1166 430 1215 Apud
451 1164 562 1201 latera
583 1172 702 1201 certos
722 1163 974 1203 collocaverat.
1034 1166 1190 1203 Servius.

309 1229 479 1277 Apertac
498 1236 639 1277 portae,
659 1226 797 1276 repleta
817 1241 898 1263 arva
918 1226 1131 1264 cultoribus.
1189 1227 1297 1267 Idem.

308 1293 528 1343 Hispaniam
549 1292 615 1329 sibi
635 1293 819 1341 antiquam
846 1292 999 1340 patriam
1018 1305 1106 1328 esse.
1163 1291 1272 1330 Idem.

307 1357 448 1406 Lyciae
471 1356 698 1405 Pisidiaeque
718 1369 825 1406 agros
845 1355 1131 1406 despectantem.
1189 1355 1297 1398 Idem.

309 1421 417 1458 Sorte
436 1421 568 1456 ductos
587 1418 675 1455 fusti
695 1427 812 1455 necat.
871 1419 979 1457 Idem.

306 1484 437 1522 Omnis
458 1482 578 1525 Italia,
600 1491 727 1519 coacta
740 1482 776 1518 in
791 1482 990 1533 angustias,
1010 1481 1187 1519 scinditur
1200 1482 1236 1519 in
1252 1482 1327 1523 duo

246 1548 511 1598 promontoria,
534 1546 735 1590 Bruttium,
755 1555 792 1583 et
814 1546 1051 1584 Salentinum.
1110 1546 1219 1589 Idem.

308 1612 416 1649 Italia
436 1611 541 1661 plana
560 1624 601 1647 ac
621 1610 750 1647 mollis.
807 1609 916 1648 Idem.

304 1677 390 1725 Qua
400 1682 618 1724 tempestate
632 1688 676 1711 ex
691 1675 813 1714 Ponto
827 1675 878 1712 vis
892 1674 1046 1725 piscium
1057 1674 1190 1725 erupit.
1212 1675 1324 1720 Idem,

248 1749 279 1777 et
298 1739 498 1778 Scholiastes
520 1738 722 1778 Juvenalis.
1127 1732 1130 1734 v

304 1804 488 1840 Introrsus
507 1803 622 1852 prima
641 1802 756 1839 Asiae
781 1802 955 1853 Bithynia
973 1810 1042 1847 est,
1072 1802 1195 1841 multis
1215 1814 1321 1846 antea

249 1867 453 1904 nominibus
474 1865 667 1916 appellata.
726 1866 813 1916 Ipsa
830 1867 925 1903 enini
944 1875 999 1904 est
1013 1876 1050 1904 et
1068 1869 1184 1918 major
1203 1867 1324 1918 Phr-Y*-

250 1931 323 1983 gia.
382 1932 540 1968 Servius.

305 1994 378 2031 Sed
398 1993 633 2031 Mithridates
653 2002 814 2031 extrema
841 1993 995 2045 pueritia
1013 2008 1166 2048 regnum
1183 1994 1322 2049 ,ingres-

249 2072 321 2102 sus,
340 2067 453 2094 matre
473 2071 608 2094 veneno
628 2056 833 2095 interfecta.
891 2058 999 2096 Idem.

304 2122 520 2160 Exercitum
540 2129 689 2159 vertere.
747 2121 856 2160 Idem.
898 2139 901 2141 ·
