1451 2719
352 303 663 346 SALLUSTII
695 305 998 346 CATILINA.
1164 310 1212 347 27

143 417 210 461 uxi,
229 429 356 466 neque,
384 416 510 452 amisso
529 417 756 465 patrimonio,
783 418 932 454 liberum
951 429 1082 465 corpus
1100 417 1209 454 habe·-

142 493 180 516 re
201 494 212 524 3
239 488 340 516 tanta
359 479 500 516 saevitia
521 479 785 517 foeneratorum
803 490 912 530 atque
931 481 1104 529 praetoris
1124 480 1205 517 fuit.

98 552 100 557 '
143 543 258 593 Saepe
278 545 424 595 majores
443 554 614 587 vestrum,
633 544 777 581 miseriti
793 544 905 594 plebis
928 544 1124 587 Romanae,
1145 544 1207 581 de-

140 606 247 643 cretis
267 606 337 644 suis
356 607 494 657 inopiae
513 607 680 657 opitulati
700 617 782 644 sunt
804 623 813 644 z
844 621 884 644 ac
905 607 1101 644 novissume
1135 621 1208 644 me-

141 670 251 707 moria
269 679 403 714 nostra,
430 680 580 721 propter
599 671 880 723 magnitudinem
899 671 986 708 aeris
1004 670 1118 714 alieni,
1147 686 1208 707 vo-

139 734 294 773 lentibus
314 735 477 773 omnibus
496 735 611 779 bonis,
638 744 827 787 argentum
856 749 935 777 aere
964 734 1121 777 solutum
1139 744 1206 778 est.

142 799 256 850 Saepe
271 800 347 850 ipsa
365 800 500 850 plebes,
515 809 577 837 aut
592 800 795 838 dominandi
811 799 930 836 studio
951 807 1126 848 permota,
1145 808 1207 837 aut

139 864 305 914 superbia
333 864 619 915 magistratuum,
652 873 786 901 armata
813 878 832 900 a
859 864 1021 914 patribus
1049 864 1205 901 secessit.

140 927 201 965 At
216 941 280 965 nos
295 942 365 964 non
380 928 566 978 imperium
580 942 695 977 neque
714 928 852 967 divitias
870 928 1038 977 petimus,
1057 942 1207 977 quarum

138 1006 255 1029 rerum
274 1006 397 1030 caussa
415 992 507 1029 bella
524 1002 632 1042 atque
651 992 844 1030 certamina
870 991 988 1029 omnia
1006 991 1099 1029 inter
1112 1006 1207 1028 mor-

138 1055 218 1100 talis
246 1066 359 1100 sunt;
388 1056 450 1092 sed
477 1056 692 1100 libertatern,
719 1069 826 1105 quarn
855 1070 958 1093 nemo
986 1057 1115 1100 bonus,
1143 1056 1208 1093 nisi

137 1133 220 1156 cum
250 1119 365 1156 anima
392 1119 507 1163 simul,
535 1119 681 1158 amittit.
739 1119 797 1158 Te
826 1127 935 1169 atque
963 1128 1124 1156 senatum
1142 1121 1208 1160 Qb-

136 1192 323 1228 testamur,
342 1183 535 1220 cousulatis
550 1183 682 1223 miseris
697 1182 853 1228 civibus;
873 1182 962 1233 legis
981 1182 1207 1232 praesidium,

137 1248 237 1297 quod
251 1247 417 1298 iniquitas
436 1247 610 1297 praetoris
625 1247 770 1296 eripuit,
789 1247 1009 1292 restituatis;
1030 1261 1117 1284 neve
1131 1261 1207 1285 eam

137 1311 433 1351 necessitudinem
468 1310 673 1361 imponatis,
709 1319 749 1349 ut
787 1323 1008 1359 quaeramus,
1051 1324 1205 1360 quonam

137 1376 244 1413 modo
261 1375 326 1413 ulti
344 1389 508 1412 maxume
527 1375 735 1426 sanguinem
753 1383 915 1411 nostrum
934 1377 1178 1426 pereamus.'’-f

189 1504 387 1542 XXXIV.
435 1503 506 1541 AD
539 1503 627 1539 haec
656 1503 707 1552 Q.
742 1501 903 1539 Marcius
925 1517 934 1539 ε
977 1502 1015 1540 Si
1045 1503 1133 1552 quid
1161 1505 1207 1545 ah

137 1577 262 1606 senatu
289 1577 411 1618 petere
439 1565 582 1610 vellent,
614 1567 658 1603 ab
687 1566 790 1603 armis
817 1566 1016 1611 discedant,
1051 1568 1229 1610 Romam·

136 1632 314 1682 supplices
332 1631 607 1681 proficiscantur
624 1645 633 1667 :
663 1643 703 1669 ea
725 1631 995 1668 mansuetudine
1013 1641 1121 1682 atque
1142 1633 1206 1669 mi-

135 1697 326 1738 sericordia
354 1704 514 1733 senatum
547 1693 793 1745 populumque
830 1695 1034 1732 Romanum
1067 1710 1206 1746 semper

135 1761 257 1805 fuisse,
280 1769 322 1797 ut
341 1773 445 1797 nemo
465 1771 621 1808 unquam
640 1758 684 1794 ab
704 1771 747 1794 eo
767 1757 900 1798 frustra
918 1759 1087 1801 auxilium
1113 1761 1207 1810 peti-

136 1825 237 1862 verit.
288 1824 349 1862 At
369 1823 525 1862 Catilina
542 1836 586 1859 ex
606 1822 730 1859 itinere
750 1822 928 1873 plerisque
947 1824 1204 1869 consularibus,

135 1898 318 1940 praeterea
346 1897 499 1938 optumo
527 1887 671 1936 cuique,
695 1886 831 1925 litteras
861 1890 1000 1927 mittit:
1047 1891 1093 1928 Se
1110 1890 1205 1928 falsis

136 1953 342 1990 criminibus
368 1952 664 1994 circumventum,
693 1952 860 2001 quoniam
879 1951 1027 1990 factioni
1046 1953 1206 1992 inimico-

135 2031 214 2055 rum
228 2016 389 2054 resistere
403 2015 613 2065 nequiverit,
628 2013 794 2053 fortunae
809 2017 948 2061 cedere,
962 2016 1156 2055 Massiliam
1170 2020 1203 2055 in

135 2080 280 2125 exilium
294 2079 493 2130 proficisci;
509 2092 578 2115 non
591 2092 663 2128 quo
679 2078 744 2115 sibi
759 2080 850 2117 tanti
867 2079 1007 2117 sceleris
1021 2082 1185 2119 conscius
1194 2098 1204 2127 3

135 2144 198 2195 §ed
211 2143 264 2183 uti
277 2142 476 2195 respublica
486 2142 608 2193 quieta
621 2141 822 2188 foret‚neve
836 2158 880 2181 ex
897 2157 959 2181 sua
973 2145 1205 2197 contentione

608 2205 704 2243 D2
