1497 2689
182 324 209 361 8
386 318 701 360 SALLUSTII
729 320 1037 361 CATILINA.

178 432 329 475 audacia
345 432 382 470 in
399 433 512 478 bello,
543 434 606 472 ubi
620 447 691 484 pax
706 444 886 479 evenerat,
913 434 1112 485 aequitate,
1141 446 1251 484 seque

178 512 329 548 remque
355 498 540 549 publicam
571 499 761 537 curabant.
830 500 997 549 Quarum
1029 511 1148 535 rerum
1178 512 1252 550 ego

178 575 351 600 maxuma
361 563 580 601 documenta
592 564 681 602 haec
696 564 814 600 habeo
832 578 843 608 ;
864 563 963 614 quod
983 563 1124 613 saepius
1137 562 1255 600 vindi..

178 635 303 665 catum
315 628 421 665 estin
435 642 511 673 eos,
529 629 593 679 qui
608 637 735 666 contra
748 627 939 677 imperium
950 628 986 664 in
998 627 1141 664 hostem
1155 640 1254 678 pug-

179 700 365 736 naverant,
384 692 521 742 quique
534 693 687 737 tardius,
706 692 877 735 revocati,
897 690 994 729 bello
1012 693 1254 735 excesserant,

180 771 292 807 quam
318 757 383 807 qui
410 758 514 808 sigua
540 757 753 807 relinquere,
782 765 859 800 aut,
887 755 996 806 pulsi,
1023 755 1107 792 loco
1127 756 1253 793 cedere

179 822 257 859 ausi
274 830 377 859 erant
394 837 405 867 ;
433 822 469 858 in
488 836 577 871 pace
597 836 695 865 vero,
715 822 816 871 quod
834 820 1032 865 beneficiis,
1052 834 1161 870 quam
1180 834 1256 858 me-

180 895 238 930 tu,
252 886 443 936 imperium
456 887 660 938 agitabant,
678 894 729 929 et,
745 894 897 937 accepta
910 885 1051 937 injuria,
1066 886 1255 937 ignoscere

179 964 291 1000 quam
308 950 480 1000 persequi
499 949 693 987 malebant.

233 1079 288 1117 X.
307 1079 403 1123 SED,
417 1079 481 1116 ubi
494 1078 617 1116 labore
632 1088 741 1129 atque
752 1078 894 1131 justitia
908 1079 1113 1129 respublica
1128 1079 1256 1124 crevit,

180 1158 286 1195 reges
312 1144 435 1194 magni
462 1144 558 1181 bello
579 1145 722 1188 domiti,
750 1145 912 1182 nationes
932 1143 1041 1188 ferae,
1069 1154 1107 1182 et
1127 1145 1257 1196 populi

181 1208 347 1259 ingentes
365 1208 401 1244 vi
425 1209 580 1253 subacti,
609 1209 813 1260 Carthago,
842 1208 980 1246 aemula
1007 1209 1260 1259 imperii-Ro-

182 1272 292 1316 mani,
319 1273 365 1309 ab
386 1273 498 1322 stirpe
524 1273 674 1318 interiit,
702 1283 835 1311 cuncta
858 1273 968 1310 maria
986 1282 1175 1324 terraeque
1194 1287 1260 1324 pa-

183 1336 339 1381 tebant3
369 1336 501 1374 saevire
530 1337 706 1381 Fortuna,
735 1351 775 1374 ac
804 1338 952 1374 miscere
981 1337 1102 1374 omnia
1120 1338 1257 1388 coepit.

185 1401 264 1451 Qui
283 1401 437 1445 labores,
457 1401 629 1451 pericula,
650 1402 777 1438 dubias
792 1411 902 1451 atque
918 1415 1060 1451 asperas
1079 1416 1134 1439 res
1153 1401 1261 1439 facile

185 1466 438 1510 toleraverant,
452 1466 494 1503 iis
513 1467 643 1510 otium,
663 1467 821 1508 divitiae,
842 1466 1024 1516 optandae
1043 1465 1133 1510 aliis,
1161 1466 1262 1504 oneri

186 1531 420 1582 miseriaeque
447 1530 559 1570 fuere.
619 1532 742 1583 Igitur
770 1531 887 1582 primo
915 1530 1103 1581 pecuniae,
1131 1530 1262 1568 deinde

185 1595 326 1645 imperii
355 1596 490 1646 cupido
517 1596 658 1634 crevit:
697 1610 738 1633 ea
767 1596 868 1646 quasi
902 1595 1067 1632 materies
1099 1595 1262 1632 omnium

186 1659 363 1696 malorum
378 1659 491 1697 fuere.
535 1660 706 1710 Namque
720 1660 867 1697 avaritia
882 1660 1004 1703 fidem,
1024 1659 1262 1709 probitatem,

185 1734 397 1775 ceterasque
411 1725 497 1761 artis
511 1725 624 1762 bonas
644 1725 820 1762 subvertit
835 1740 846 1770 3
866 1739 933 1774 pro
953 1725 1021 1768 his,
1043 1724 1262 1774 superbiam,

186 1789 455 1834 crudelitatem,
483 1790 569 1826 deos
588 1790 794 1841 neglegere,
823 1789 943 1825 onmia
961 1787 1096 1825 venalia
1115 1788 1263 1832 habere,

188 1853 338 1890 edocuit
353 1868 363 1891 :
384 1853 536 1891 ambitio
551 1854 685 1891 multos
704 1853 866 1891 mortalis
881 1852 990 1889 falsos
1004 1852 1080 1889 fieri
1095 1852 1263 1903 subegit;

187 1917 287 1954 aliud
306 1917 469 1955 clausum
487 1918 523 1954 in
542 1927 705 1968 pectore,
733 1917 831 1955 aliud
850 1918 885 1954 in
904 1917 1031 1968 lingua
1049 1925 1265 1967 promptum

189 1982 351 2028 habere;
392 1982 567 2020 amicitias
586 1982 865 2032 inimicitiasque
893 1995 964 2018 non
983 1995 1027 2018 ex
1048 1995 1099 2026 re,
1129 1981 1191 2018 sed
1218 1993 1263 2018 ex

190 2047 399 2090 commodo,
427 2055 654 2092 aestumare3
684 2047 872 2098 magisque
891 2045 1046 2090 vultum,
1076 2058 1185 2095 quam
1213 2044 1268 2081 in-

188 2110 336 2161 genium
353 2111 492 2148 bonum
506 2111 649 2148 habere.
709 2111 817 2148 Haec
837 2110 954 2160 primo
969 2109 1158 2160 paullatim
1172 2123 1268 2147 cres-.-

190 2188 283 2220 cere‚
304 2175 485 2213 interdum
505 2175 676 2213 vindicari
694 2192 702 2214 :
734 2185 833 2226 post,
852 2175 930 2220 ubi,
955 2174 1128 2226 contagio
1149 2173 1266 2230 quasi,
