1497 2689
245 286 322 328 226
403 288 720 328 SALLUSTII
765 287 1151 332 FRAGMENTA.

245 401 371 438 talium
391 401 550 439 studium
569 404 732 454 majores,
761 418 869 453 quam
894 405 1038 456 opibus,
1068 405 1204 455 quippe
1236 405 1319 455 quis

243 465 352 502 etiam
371 475 449 502 tum
471 465 639 502 semiruta
659 468 811 511 moenia,
840 469 968 505 domus
1000 469 1170 512 intectae,
1204 468 1322 518 parie-

244 538 372 579 tesque
391 529 611 579 templorum
631 531 787 568 ambusti
820 545 943 568 manus
977 532 1130 570 Punicas
1160 540 1322 569 ostenta-

244 595 345 631 bant.
403 594 548 631 Hieron.
570 595 604 631 in
623 595 803 632 Habacuc.
832 604 912 648 cap.
935 598 971 632 2.

297 659 420 710 Apud
440 659 680 696 Corduennos
699 674 881 698 amomum
905 670 943 698 et
976 660 1034 697 alii
1066 661 1161 698 leves
1189 661 1319 698 odores

244 726 460 777 gignuntur.
520 724 685 774 Philarg.
706 726 740 761 in
760 727 812 762 iv.
838 726 964 776 Georg.
991 727 1031 763 V
1029 727 1096 776 irjg.

298 789 419 838 Quem
439 798 538 826 trans
559 797 728 840 stagnum
747 790 862 826 omnis
874 804 988 840 usque
1003 790 1049 826 ad
1069 789 1216 826 flumen.
1258 787 1317 827 Id.

300 852 468 903 Repente
488 853 652 890 incautos
672 867 779 904 agros
798 854 939 890 invasit.
996 854 1104 892 Idem.

297 916 390 954 Belli
410 916 483 953 sani
503 917 629 953 sciens.
686 918 819 955 Acron.

296 980 465 1030 Namque
485 979 644 1017 omnium
673 980 896 1018 ferocissumi
916 982 961 1018 ad
980 982 1051 1019 hoc
1084 989 1229 1030 tempus
1259 980 1320 1017 A-

241 1045 343 1082 chaei
373 1054 483 1095 atque
517 1045 633 1082 Tauri
668 1055 765 1090 sunt,
794 1047 908 1095 quod,
939 1055 1116 1096 quantum
1149 1043 1318 1096 conjicio,
1354 1072 1366 1078 -

240 1110 405 1147 locorum
424 1118 588 1161 egestate
609 1119 714 1160 rapto
735 1111 850 1148 vivere
881 1111 1012 1148 coacti.
1071 1110 1216 1150 Glossae
1250 1110 1319 1148 Ju-

241 1175 385 1213 venalis.

294 1238 429 1289 Atque
447 1239 526 1287 ipse
546 1238 666 1276 cultus
685 1239 746 1276 rei.
802 1242 933 1278 Acron.

295 1303 451 1353 Triplici
473 1304 600 1340 fluctu.
659 1306 803 1341 Servius
824 1305 1018 1342 Fuldanus.

294 1368 485 1418 Charybdi
505 1381 601 1404 mare
621 1368 856 1404 vorticosum.
916 1370 1024 1406 Idem.

298 1433 384 1476 Sed,
414 1432 476 1469 ubi
496 1441 659 1482 tempore
679 1432 759 1468 anni
780 1446 875 1468 mare
896 1432 1068 1469 classibus
1092 1430 1318 1481 patefactum

239 1507 307 1534 est.
365 1497 473 1535 Idem.

296 1563 390 1599 Sane
409 1562 528 1598 bonus
546 1575 587 1597 ea
606 1569 823 1610 tempestate
852 1570 980 1598 contra
998 1559 1159 1610 pericula
1176 1569 1214 1597 et
1244 1573 1320 1596 am-

237 1628 426 1666 bitionem.
484 1627 593 1664 Idem.

297 1691 413 1730 Simul
431 1691 592 1728 immanis
611 1691 797 1727 hominum
819 1690 867 1726 vis
887 1705 930 1726 ex
950 1689 1040 1726 locis
1067 1688 1224 1725 invasere
1255 1701 1320 1738 pa·
1348 1706 1351 1713 ⁴

239 1765 371 1801 tentes,
400 1769 484 1792 cum
504 1764 540 1792 et
561 1754 661 1805 pacis
680 1755 790 1791 modo
810 1753 953 1791 effusas.
1011 1753 1120 1791 Idem.

295 1821 429 1859 Genua
448 1829 593 1870 patrum
612 1818 864 1855 advolvuntur.
923 1818 1029 1856 Idem.

293 1885 487 1921 Perrexere
506 1883 540 1919 in
562 1882 781 1932 Hispaniam
798 1892 834 1919 et
859 1881 1071 1919 Sardiniam.
1134 1879 1241 1917 Idem.

292 1950 399 1998 Quae
418 1947 571 1997 mapalia
588 1956 671 1984 sunt
690 1947 921 1997 circumjecta
939 1944 1090 1988 civitati,
1113 1944 1316 1981 suburbana

238 2013 414 2050 aedificia.
471 2013 577 2050 Idem.

293 2077 346 2115 Et
365 2090 470 2114 onere
490 2076 644 2114 turrium
663 2075 806 2113 incertis
825 2074 985 2112 navibus.
1043 2073 1150 2112 Idem.
