1497 2689
216 283 298 320 206
382 277 696 318 SALLUSTII
742 278 1131 320 FRAGMENTA.

215 394 493 436 adolescentem,
514 392 617 429 malle
636 392 835 443 principem
851 393 1052 431 volentibus
1072 393 1173 431 vobis
1192 407 1286 438 esse,

215 472 325 508 quarn
344 457 410 494 illis
431 456 683 494 dominationis
703 456 839 493 soc-ium
857 472 868 502 ;
889 468 1146 509 auctoremque
1165 459 1199 494 in
1217 458 1302 508 pria.

215 523 281 558 mis
309 521 404 558 forte
431 521 643 558 tribuniciae
662 521 867 570 potestatis.
925 522 1076 566 Verum,
1107 522 1286 572 Quirites,

215 595 319 622 antea
349 584 480 636 singuli
512 585 605 622 cives
633 585 667 621 in
688 583 865 634 pluribus,
902 599 972 621 non
1001 585 1035 621 in
1056 599 1127 622 uno
1147 586 1286 629 cuncti,

214 649 391 700 praesidia
405 649 593 686 habebatis
602 664 612 694 ;
647 663 763 698 neque
779 647 985 685 mortalium
999 649 1190 698 quisquam
1203 649 1289 686 dare

215 724 280 751 aut
313 714 449 763 eripere
481 712 566 750 talia
595 727 686 749 unus
718 721 877 762 poterat.
937 714 1069 764 Itaque
1098 714 1289 751 verborum

216 779 301 815 satis
321 778 461 815 dictum
480 786 547 814 est.
596 777 728 827 Neque
742 777 836 814 enim
851 778 1054 828 ignorantia
1069 793 1124 816 res
1138 778 1288 816 claudit.

216 845 356 880 Verum
383 842 577 891 occupavit
597 841 717 878 nescio
737 855 829 891 quae
848 855 910 878 vos
930 843 1100 892 torpedo,
1129 856 1199 893 qua
1218 857 1291 879 non

215 909 332 960 gloria
347 907 551 950 movemini,
571 920 686 956 neque
703 905 866 957 flagitio:
888 916 1094 957 cunctaque
1113 907 1292 957 praesenti

215 972 357 1024 ignavia
376 971 555 1014 mutastis,
575 970 716 1006 abunde
735 969 941 1007 libertatem
962 971 1044 1015 rati,
1075 972 1159 1021 quia
1179 970 1319 1022 tergis*

1077 1048 1223 1072 munera
1247 1035 1301 1072 di·

216 1102 307 1138 tium
336 1100 577 1137 dominorum.
635 1099 769 1148 Atque
796 1098 885 1135 haec
914 1100 1038 1136 eadem
1059 1113 1130 1136 non
1151 1108 1237 1136 sunt
1256 1113 1294 1135 a-

216 1038 432 1080 abstinetur,
461 1045 498 1073 et
518 1036 589 1072 huc
610 1035 660 1072 ire
680 1034 780 1078 licet,
810 1043 847 1070 et
867 1034 967 1079 illuc,

217 1166 400 1217 grestibus
416 1180 426 1211 ;
447 1164 509 1201 sed
524 1164 726 1201 caeduntur
743 1162 836 1199 inter
854 1164 1060 1212 potentium
1076 1163 1294 1207 inimicitias,

225 1231 397 1279 donoque
428 1230 560 1265 dantur
591 1228 626 1264 in
659 1227 859 1277 provincias
892 1229 1177 1279 magistratibus.
1240 1229 1301 1265 Ita

216 1304 405 1346 pugnatur
431 1304 469 1331 et
502 1294 658 1331 vincitur
686 1293 837 1343 paucis:
867 1294 1006 1343 plebes,
1037 1296 1296 1346 quodcumque

218 1360 364 1405 accidit,
394 1374 460 1410 pro
482 1360 586 1396 victis
614 1368 668 1396 est
693 1374 702 1403 ;
731 1368 768 1395 et
789 1358 823 1394 in
844 1359 920 1396 dies
940 1360 1055 1410 magis
1075 1360 1157 1404 erit,
1187 1361 1301 1410 siqui-

218 1427 301 1463 dem
321 1428 452 1477 majore
468 1439 553 1462 cura
569 1423 851 1461 dominationem
870 1422 920 1459 illi
940 1423 1166 1468 retinuerint,
1187 1437 1296 1474 quam

219 1503 282 1530 vos
302 1489 539 1540 repetiveritis
559 1487 781 1525 libertatem.

275 1556 477 1604 Postquam
496 1565 661 1604 egressus
681 1551 876 1604 angustias.
937 1552 1092 1590 Messus.

274 1619 344 1656 Ad
366 1618 550 1668 Cyzicum
570 1616 742 1666 perrexit,
763 1615 926 1652 firmatus
944 1616 1065 1653 animi.
1100 1617 1163 1654 Ex
1177 1617 1298 1655 eodem.

274 1683 347 1726 Ut,
382 1681 556 1718 sustinere
581 1694 734 1730 corpora
752 1679 913 1730 plerique
933 1690 1172 1731 nequeuntes,
1199 1680 1298 1726 fessi,

221 1760 317 1783 arma
336 1760 400 1784 sua
418 1745 570 1796 quisque
591 1754 726 1782 stantes
740 1745 1000 1783 incumberent.
1044 1747 1154 1792 Idem,
1168 1756 1199 1784 et
1218 1748 1300 1785 Ser-

222 1813 316 1848 vius.

277 1875 343 1911 Ac
365 1874 486 1911 statim
506 1874 666 1926 fugitivi,
695 1884 823 1911 contra
841 1883 1078 1924 praeceptum
1098 1875 1217 1919 ducis,
1247 1889 1306 1912 ra-

223 1952 308 1988 pere
327 1939 373 1974 ad
394 1947 559 1988 stuprum
587 1938 755 1989 virgines,
783 1947 1049 1988 matronasque.
1105 1940 1255 1977 Nonius.

278 2004 423 2054 Quibus
444 2017 464 2040 a
494 2003 656 2041 Sertorio
688 2001 849 2053 triplices
878 2002 1022 2039 insidiae
1054 2017 1121 2052 per
1152 2003 1302 2040 idoneos

224 2067 336 2105 saltus
354 2068 493 2117 positae
512 2077 615 2106 erant
633 2082 641 2106 ε
662 2067 791 2118 prima,
812 2080 903 2117 quae
915 2065 1018 2105 fonte
1038 2067 1220 2106 venientes
1238 2080 1305 2106 ex·

225 2131 376 2183 ciperet.
436 2133 539 2170 Serv.
