1451 2719
313 269 628 311 SALLUSTII
672 269 1058 310 FRAGMENTA.
1143 271 1222 308 225

199 382 314 421 Creta
326 381 434 420 altior
445 391 514 427 est,
528 396 598 433 qua
612 394 715 433 parte
727 392 870 433 spectat
885 382 1088 420 Orientem.
1110 381 1217 419 Idem.

202 445 252 484 Se
271 445 417 497 regibus
436 447 626 490 devovent,
654 457 691 485 et
718 456 801 497 post
819 461 881 484 eos
900 446 1010 483 vitam
1029 445 1189 483 refutant
1207 458 1216 482 ε

147 509 240 547 adeo
257 508 326 547 illis
344 510 506 561 ingenita
523 521 579 550 est
598 512 769 550 sanctitas
788 511 879 562 regii
899 510 1063 548 nominis.
1110 511 1219 555 Idem,

148 583 180 611 et
198 573 461 627 Philargyrius.

202 638 308 677 Dum
344 638 491 677 inferior
527 641 624 678 omni
656 640 712 678 via
749 649 983 692 grassaretur.
1068 641 1220 679 Joaunes

152 704 347 742 Grammat.

204 768 378 806 Narbone
404 768 552 806 consilia
580 768 787 807 Gallorum.
860 769 1042 821 Pompeius
1060 769 1096 806 in
1113 778 1220 806 artem

151 833 301 871 Donati.

204 897 296 935 Post
325 896 569 934 defectionem
598 897 780 936 sociorum
803 906 842 934 et
873 896 988 934 Latii.
1045 897 1222 940 Donatus,

151 961 306 1015 Adelph.
326 963 377 999 iii.
399 965 436 1000 4.

204 1027 275 1064 Ad
292 1026 393 1064 Jovis
412 1026 578 1064 mandem
598 1035 732 1064 nostra.
791 1025 902 1070 Idem,
929 1027 981 1063 iv.
1004 1027 1041 1062 2.

205 1090 333 1128 Morbi
368 1104 494 1141 graves
527 1091 576 1127 ob
614 1090 768 1128 inediam
803 1089 948 1126 insolita
983 1089 1224 1126 vescentibus.

154 1154 261 1193 Idem.
318 1155 449 1207 Hecyr.
468 1156 518 1191 ι’ἰὶ.
539 1156 576 1191 2.

203 1219 339 1269 Atque
356 1232 399 1256 ea
417 1228 605 1269 cogentes,
626 1232 698 1255 non
723 1227 887 1261 coactos,
908 1217 1078 1255 scelestos
1097 1218 1226 1269 magis,

154 1297 262 1336 quam
281 1283 441 1327 miseros,
461 1282 642 1334 distringi.
699 1282 795 1320 Idem
814 1281 896 1319 ibid.
918 1283 970 1318 iv.
996 1284 1029 1319 1.

207 1347 376 1387 Graviori
394 1346 504 1390 bello,
525 1361 598 1397 quo
617 1345 836 1396 prohibituri
854 1355 1023 1386 venerant
1043 1345 1145 1391 socii,
1165 1346 1228 1383 fn·-

153 1426 252 1464 gere.
282 1411 391 1455 Idem,
409 1426 447 1449 v.
473 1413 506 1448 1.

209 1477 306 1516 Nam
325 1476 471 1526 quidem
493 1475 651 1526 Pyrrho,
671 1473 886 1518 Hannibali,
906 1488 1044 1524 aequor
1060 1484 1099 1512 et
1118 1484 1225 1512 terra.

159 1541 270 1585 Idem,
291 1541 437 1579 Phorm-
456 1542 480 1578 i.
506 1543 538 1578 l.

208 1606 305 1644 Nam
326 1604 447 1642 Sullae
467 1603 753 1641 dominationem
773 1603 943 1641 audebat.
1001 1603 1110 1647 Idem,
1132 1606 1170 1641 ii.
1193 1607 1228 1642 3.

208 1669 341 1719 Neque
355 1677 411 1706 est
425 1667 593 1706 defensus
609 1667 893 1704 dominationem
914 1666 1047 1704 Sullae.
1069 1668 1165 1707 Idem
1180 1669 1224 1706 ib.

209 1733 294 1771 Neu
314 1732 394 1783 quis
413 1731 530 1777 miles,
557 1745 644 1769 neve
663 1746 731 1782 pro
751 1730 876 1768 milite.
934 1732 1090 1769 Servius.

210 1797 271 1835 Ex
291 1796 480 1834 insolentia
498 1795 622 1833 avidus
640 1794 900 1833 malefaciendi.
959 1795 1067 1833 Idem.
1130 1823 1133 1826 -

209 1864 348 1916 Tergis
367 1863 589 1901 vinciebant.
646 1862 754 1901 Idem.

209 1928 433 1979 Charybdis,
462 1941 568 1978 quae,
595 1926 692 1964 forte
719 1925 818 1964 illata
849 1925 1036 1978 naufragia
1065 1926 1228 1972 sorbens,

156 1992 366 2044 gurgitibus
389 1991 545 2029 occultis
569 1990 680 2027 millia
705 1990 894 2041 sexaginta
918 1990 1230 2029 Tauromenitana

158 2058 204 2095 ad
232 2056 357 2094 littora
376 2057 504 2094 trahit.
563 2055 671 2094 Idem.

212 2122 420 2173 Saguntini,
446 2121 518 2159 fide
536 2130 646 2171 atque
675 2120 851 2158 aerumnis
870 2120 1011 2166 incluti,
1039 2136 1105 2172 per
1135 2136 1230 2159 mor-

652 2184 731 2222 Ff
