1497 2689
277 292 354 335 5214·
445 297 758 340 SALLUSTII
789 299 1176 343 FRAGMENTA.

273 408 444 453 bricatae,
476 409 634 448 aderant.
692 412 787 451 Non.
822 414 1024 453 Codicariac
1053 431 1172 461 naves,
1200 431 1286 468 quae
1302 418 1338 454 iri

256 472 403 523 flumine
422 475 496 511 usui
514 488 581 512 esse
591 483 749 527 possunt.

324 538 399 587 Qui
427 539 829 590 praetergrediebantur
845 543 985 592 equites
1006 544 1245 593 cataphracti,
1266 543 1338 581 fer-⁴

268 615 327 638 rea
346 602 444 639 omni
462 603 593 652 specie.
656 604 764 641 Idem.

321 665 418 703 Cum
449 666 604 711 interim,
632 666 762 705 lumine
795 669 905 706 etiam
935 678 1014 706 tum
1045 671 1198 716 incerto,
1243 673 1336 709 duae

268 729 410 768 Galliae
430 731 605 776 mulieres,
634 741 851 770 conventum
879 732 1046 778 vitantes,
1074 735 1120 772 ad
1152 744 1335 773 menstrua

267 793 434 831 solvenda
452 803 612 831 montem
631 796 840 833 ascendunt.
899 796 1006 835 Idem.

320 858 541 909 Pluteosque
560 860 743 905 rescindit,
763 874 806 897 ac
824 861 1041 899 munitiones
1056 861 1266 906 demolitur,
1281 861 1335 898 lo-

264 936 381 973 coque
400 937 538 960 summo
558 924 714 973 potitur.
771 924 865 962 Idem
883 940 896 962 .·
925 925 1096 965 Demoliri
1114 935 1162 963 est
1184 926 1331 964 diruere.

317 987 533 1024 Exercitum
545 987 691 1033 dimisit,
706 997 747 1025 ut
759 988 913 1038 primum
926 989 1048 1039 Alpes
1062 990 1250 1042 degressus
1262 999 1329 1028 est.

263 1051 475 1089 Arusianus.

315 1115 352 1153 T
355 1115 535 1153 etrarchas
567 1129 742 1167 regesque
761 1116 906 1154 territos
925 1117 1032 1154 animi
1065 1117 1234 1155 firmavit.
1291 1118 1332 1156 J-

260 1181 343 1218 dem.

315 1245 431 1282 Simul
450 1258 524 1289 eos,
551 1253 589 1282 et
608 1253 759 1282 cunctos
773 1247 848 1296 jam
866 1244 1055 1281 inclinatos
1074 1243 1224 1281 laxitate
1243 1243 1328 1289 Ioci,

259 1309 379 1359 plures
398 1309 580 1352 cohortes,
610 1318 719 1359 atque
738 1321 874 1352 omnes,
904 1317 946 1344 ut
964 1307 998 1343 in
1020 1308 1177 1344 secunda
1195 1322 1246 1353 re,
1266 1322 1330 1358 pa-

257 1372 346 1409 riter
365 1386 444 1409 acre
464 1373 651 1409 invadunt.
708 1372 857 1410 Nonius.

312 1437 369 1473 Hi
388 1436 553 1473 locorum
572 1435 765 1486 perignari,
793 1444 830 1472 et
851 1434 946 1473 soliti
965 1445 1107 1473 nectere
1127 1450 1172 1473 ex
1190 1436 1328 1474 vimini--

256 1502 324 1538 bus
342 1515 423 1538 vasa
452 1500 620 1551 agrestia,
652 1499 702 1537 ibi
734 1508 826 1543 tum,
855 1499 955 1548 quod
985 1499 1107 1549 inopia
1139 1498 1337 1537 scutorum*

255 1565 387 1609 fuerat,
416 1565 462 1601 ad
480 1577 558 1601 eam
577 1572 691 1600 artem
710 1576 746 1599 se
766 1562 918 1614 quisque
937 1563 971 1599 in
1000 1562 1152 1600 formam
1183 1577 1327 1613 parmae

255 1628 430 1679 equestris
449 1628 620 1665 armabat.
657 1627 792 1664 Nonius
809 1641 824 1665 .·
846 1627 981 1665 Parma
1000 1636 1048 1664 est
1064 1636 1191 1664 scutum
1211 1627 1324 1665 breve.

310 1693 373 1730 De
391 1705 521 1742 pecore
540 1691 635 1728 coria
668 1703 790 1727 recens
821 1690 998 1733 detracta,
1038 1690 1139 1741 quasi
1168 1690 1325 1741 glutino,

256 1756 524 1794 adolescebant.
586 1756 757 1799 Carisius,
775 1754 833 1791 lib.
853 1756 878 1791 i.
901 1756 1056 1792 Servius.

307 1821 468 1860 Avidior
486 1820 595 1857 modo
615 1818 830 1869 properandi
844 1817 976 1856 factus.
1032 1819 1243 1858 Arusianus.

309 1884 460 1924 Consilii
480 1898 599 1935 aeger.
657 1883 766 1921 Idem.

260 1966 263 1969 ·
311 1948 460 1986 Reversi
481 1957 627 1998 postero
647 1946 717 1991 die,
745 1945 871 1992 multa,
901 1960 992 1997 quae
1006 1956 1241 1997 properantes
1260 1947 1324 1985 dea

257 2022 437 2052 seruerant
456 2012 490 2049 in
511 2012 650 2055 castris,
679 2011 789 2055 nacti,
819 2023 902 2047 cum
921 2024 958 2048 se
984 2010 1034 2048 ibi
1053 2011 1136 2048 cibo
1164 2011 1324 2062 vinoque

256 2078 341 2117 laeti
360 2077 560 2117 invitarent.
617 2076 753 2117 Nonius
766 2091 781 2117 .·
808 2077 959 2116 invitare
975 2085 1024 2115 cst
1039 2075 1187 2128 replere.-
