<?xml version="1.0" encoding="UTF-8"?>
<!DOCTYPE html PUBLIC "-//W3C//DTD XHTML 1.0 Transitional//EN"
    "http://www.w3.org/TR/xhtml1/DTD/xhtml1-transitional.dtd">
<html xmlns="http://www.w3.org/1999/xhtml" xml:lang="en" lang="en">
 <head>
  <title>
</title>
<meta http-equiv="Content-Type" content="text/html;charset=utf-8" />
  <meta name='ocr-system' content='tesseract 3.04.00' />
  <meta name='ocr-capabilities' content='ocr_page ocr_carea ocr_par ocr_line ocrx_word'/>
</head>
<body>
  <div class='ocr_page' id='page_1' title='image "./quaesupersuntope00salluoft_0133.png"; bbox 0 0 1451 2719; ppageno 0'>
   <div class='ocr_carea' id='block_1_1' title="bbox 318 292 1191 333">
    <p class='ocr_par' dir='ltr' id='par_1_1' title="bbox 318 292 1191 333">
     <span class='ocr_line' id='line_1_1' title="bbox 318 292 1191 333; baseline 0 -1"><span class='ocrx_word' id='word_1_1' title='bbox 318 293 635 333; x_wconf 88' lang='lat' dir='ltr'>SALLUSTII</span> <span class='ocrx_word' id='word_1_2' title='bbox 665 292 1008 332; x_wconf 83' lang='lat' dir='ltr'><strong>JUGURTHA.</strong></span> <span class='ocrx_word' id='word_1_3' title='bbox 1124 297 1191 332; x_wconf 77' lang='lat'>121</span> 
     </span>
    </p>
   </div>
   <div class='ocr_carea' id='block_1_2' title="bbox 107 404 1188 958">
    <p class='ocr_par' dir='ltr' id='par_1_2' title="bbox 107 404 1188 958">
     <span class='ocr_line' id='line_1_2' title="bbox 115 404 1188 456; baseline -0.001 -12"><span class='ocrx_word' id='word_1_4' title='bbox 115 405 218 445; x_wconf 73' lang='lat' dir='ltr'>culto</span> <span class='ocrx_word' id='word_1_5' title='bbox 236 415 385 456; x_wconf 83' lang='lat' dir='ltr'>repente</span> <span class='ocrx_word' id='word_1_6' title='bbox 404 414 546 443; x_wconf 82' lang='lat' dir='ltr'>nostros</span> <span class='ocrx_word' id='word_1_7' title='bbox 566 406 697 443; x_wconf 76' lang='lat' dir='ltr'>invadit</span> <span class='ocrx_word' id='word_1_8' title='bbox 715 421 724 443; x_wconf 75' lang='grc' dir='ltr'><strong>ε</strong></span> <span class='ocrx_word' id='word_1_9' title='bbox 746 406 807 456; x_wconf 87' lang='lat' dir='ltr'>qui</span> <span class='ocrx_word' id='word_1_10' title='bbox 823 407 857 442; x_wconf 91' lang='lat' dir='ltr'>in</span> <span class='ocrx_word' id='word_1_11' title='bbox 877 418 1056 456; x_wconf 87' lang='lat' dir='ltr'>proxumo</span> <span class='ocrx_word' id='word_1_12' title='bbox 1076 404 1188 443; x_wconf 88' lang='lat' dir='ltr'>locati</span> 
     </span>
     <span class='ocr_line' id='line_1_3' title="bbox 111 468 1183 521; baseline -0.002 -13"><span class='ocrx_word' id='word_1_13' title='bbox 111 469 269 514; x_wconf 83' lang='lat' dir='ltr'>fuerant,</span> <span class='ocrx_word' id='word_1_14' title='bbox 288 469 484 520; x_wconf 84' lang='lat' dir='ltr'>paullisper</span> <span class='ocrx_word' id='word_1_15' title='bbox 502 470 617 507; x_wconf 86' lang='lat' dir='ltr'>territi</span> <span class='ocrx_word' id='word_1_16' title='bbox 645 471 930 521; x_wconf 87' lang='lat' dir='ltr'>perturbantur;</span> <span class='ocrx_word' id='word_1_17' title='bbox 960 468 1087 518; x_wconf 84' lang='lat' dir='ltr'>reliqui</span> <span class='ocrx_word' id='word_1_18' title='bbox 1108 470 1183 506; x_wconf 91' lang='lat' dir='ltr'>cito</span> 
     </span>
     <span class='ocr_line' id='line_1_4' title="bbox 110 535 1186 585; baseline -0.002 -12"><span class='ocrx_word' id='word_1_19' title='bbox 110 535 340 573; x_wconf 74' lang='lat' dir='ltr'>subveniunt.</span> <span class='ocrx_word' id='word_1_20' title='bbox 399 535 529 585; x_wconf 84' lang='lat' dir='ltr'>Neque</span> <span class='ocrx_word' id='word_1_21' title='bbox 555 536 690 574; x_wconf 86' lang='lat' dir='ltr'>diutius</span> <span class='ocrx_word' id='word_1_22' title='bbox 721 536 900 573; x_wconf 83' lang='lat' dir='ltr'>Numidae</span> <span class='ocrx_word' id='word_1_23' title='bbox 920 535 1082 572; x_wconf 85' lang='lat' dir='ltr'>resistere</span> <span class='ocrx_word' id='word_1_24' title='bbox 1103 535 1186 584; x_wconf 91' lang='lat' dir='ltr'>qui-</span> 
     </span>
     <span class='ocr_line' id='line_1_5' title="bbox 110 598 1181 651; baseline 0 -15"><span class='ocrx_word' id='word_1_25' title='bbox 110 598 256 644; x_wconf 78' lang='lat' dir='ltr'>vissent,</span> <span class='ocrx_word' id='word_1_26' title='bbox 287 599 322 636; x_wconf 91' lang='lat' dir='ltr'>ni</span> <span class='ocrx_word' id='word_1_27' title='bbox 351 599 491 650; x_wconf 84' lang='lat' dir='ltr'>pedites</span> <span class='ocrx_word' id='word_1_28' title='bbox 510 615 592 637; x_wconf 90' lang='lat' dir='ltr'>cum</span> <span class='ocrx_word' id='word_1_29' title='bbox 611 601 793 651; x_wconf 90' lang='lat' dir='ltr'>equitibus</span> <span class='ocrx_word' id='word_1_30' title='bbox 824 600 993 650; x_wconf 83' lang='lat' dir='ltr'>permixti</span> <span class='ocrx_word' id='word_1_31' title='bbox 1013 613 1181 651; x_wconf 89' lang='lat' dir='ltr'>maguam</span> 
     </span>
     <span class='ocr_line' id='line_1_6' title="bbox 109 663 1183 716; baseline -0.001 -14"><span class='ocrx_word' id='word_1_32' title='bbox 109 663 250 702; x_wconf 84' lang='lat' dir='ltr'><strong>cladem</strong></span> <span class='ocrx_word' id='word_1_33' title='bbox 268 663 304 701; x_wconf 89' lang='lat' dir='ltr'>in</span> <span class='ocrx_word' id='word_1_34' title='bbox 325 678 520 716; x_wconf 86' lang='lat' dir='ltr'>congressu</span> <span class='ocrx_word' id='word_1_35' title='bbox 540 664 699 702; x_wconf 78' lang='lat' dir='ltr'>facerent</span> <span class='ocrx_word' id='word_1_36' title='bbox 717 680 726 702; x_wconf 90' lang='lat'>:</span> <span class='ocrx_word' id='word_1_37' title='bbox 757 665 889 715; x_wconf 89' lang='lat' dir='ltr'>quibus</span> <span class='ocrx_word' id='word_1_38' title='bbox 908 664 958 701; x_wconf 87' lang='lat' dir='ltr'>illi</span> <span class='ocrx_word' id='word_1_39' title='bbox 978 664 1077 709; x_wconf 87' lang='lat' dir='ltr'>freti,</span> <span class='ocrx_word' id='word_1_40' title='bbox 1098 679 1183 708; x_wconf 86' lang='lat' dir='ltr'>uon,</span> 
     </span>
     <span class='ocr_line' id='line_1_7' title="bbox 109 728 1182 778; baseline 0.002 -14"><span class='ocrx_word' id='word_1_41' title='bbox 109 736 153 765; x_wconf 86' lang='lat' dir='ltr'>ut</span> <span class='ocrx_word' id='word_1_42' title='bbox 181 728 340 778; x_wconf 85' lang='lat' dir='ltr'>equestri</span> <span class='ocrx_word' id='word_1_43' title='bbox 371 728 508 778; x_wconf 90' lang='lat' dir='ltr'>proelio</span> <span class='ocrx_word' id='word_1_44' title='bbox 540 728 644 772; x_wconf 90' lang='lat' dir='ltr'>solet,</span> <span class='ocrx_word' id='word_1_45' title='bbox 676 728 790 778; x_wconf 86' lang='lat' dir='ltr'>sequi,</span> <span class='ocrx_word' id='word_1_46' title='bbox 822 728 905 765; x_wconf 88' lang='lat' dir='ltr'>dein</span> <span class='ocrx_word' id='word_1_47' title='bbox 933 729 1089 773; x_wconf 82' lang='lat' dir='ltr'>cedere3</span> <span class='ocrx_word' id='word_1_48' title='bbox 1120 730 1182 766; x_wconf 89' lang='lat' dir='ltr'>sed</span> 
     </span>
     <span class='ocr_line' id='line_1_8' title="bbox 107 792 1183 843; baseline 0 -14"><span class='ocrx_word' id='word_1_49' title='bbox 107 792 267 829; x_wconf 83' lang='lat' dir='ltr'>advorsis</span> <span class='ocrx_word' id='word_1_50' title='bbox 296 793 399 843; x_wconf 88' lang='lat' dir='ltr'>equis</span> <span class='ocrx_word' id='word_1_51' title='bbox 426 806 652 836; x_wconf 86' lang='lat' dir='ltr'>concurrere,</span> <span class='ocrx_word' id='word_1_52' title='bbox 686 792 868 842; x_wconf 86' lang='lat' dir='ltr'>implicare</span> <span class='ocrx_word' id='word_1_53' title='bbox 896 806 937 829; x_wconf 86' lang='lat' dir='ltr'>ae</span> <span class='ocrx_word' id='word_1_54' title='bbox 970 793 1183 843; x_wconf 84' lang='lat' dir='ltr'>perturbare</span> 
     </span>
     <span class='ocr_line' id='line_1_9' title="bbox 109 857 1187 908; baseline 0 -14"><span class='ocrx_word' id='word_1_55' title='bbox 109 857 221 894; x_wconf 85' lang='lat' dir='ltr'>aciem</span> <span class='ocrx_word' id='word_1_56' title='bbox 239 873 250 902; x_wconf 73' lang='grc' dir='ltr'><strong>ς</strong></span> <span class='ocrx_word' id='word_1_57' title='bbox 278 857 329 895; x_wconf 87' lang='lat' dir='ltr'>ita</span> <span class='ocrx_word' id='word_1_58' title='bbox 348 858 527 908; x_wconf 80' lang='lat' dir='ltr'>expeditis</span> <span class='ocrx_word' id='word_1_59' title='bbox 547 857 731 907; x_wconf 86' lang='lat' dir='ltr'>peditibus</span> <span class='ocrx_word' id='word_1_60' title='bbox 747 857 831 901; x_wconf 87' lang='lat' dir='ltr'>suis,</span> <span class='ocrx_word' id='word_1_61' title='bbox 851 857 967 894; x_wconf 88' lang='lat' dir='ltr'>hostis</span> <span class='ocrx_word' id='word_1_62' title='bbox 985 871 1098 908; x_wconf 89' lang='lat' dir='ltr'>paene</span> <span class='ocrx_word' id='word_1_63' title='bbox 1113 857 1187 894; x_wconf 74' lang='lat' dir='ltr'>vic—</span> 
     </span>
     <span class='ocr_line' id='line_1_10' title="bbox 109 922 282 958; baseline 0 0"><span class='ocrx_word' id='word_1_64' title='bbox 109 930 168 958; x_wconf 85' lang='lat' dir='ltr'>tos</span> <span class='ocrx_word' id='word_1_65' title='bbox 186 922 282 958; x_wconf 91' lang='lat' dir='ltr'>dare.</span> 
     </span>
    </p>
   </div>
   <div class='ocr_carea' id='block_1_3' title="bbox 101 1049 1185 2195">
    <p class='ocr_par' dir='ltr' id='par_1_3' title="bbox 101 1049 1185 2195">
     <span class='ocr_line' id='line_1_11' title="bbox 163 1049 1182 1101; baseline -0.002 -13"><span class='ocrx_word' id='word_1_66' title='bbox 163 1049 256 1088; x_wconf 89' lang='lat' dir='ltr'>LX.</span> <span class='ocrx_word' id='word_1_67' title='bbox 302 1050 456 1088; x_wconf 61' lang='lat' dir='ltr'>Eone„</span> <span class='ocrx_word' id='word_1_68' title='bbox 487 1061 652 1100; x_wconf 88' lang='lat' dir='ltr'>tempore</span> <span class='ocrx_word' id='word_1_69' title='bbox 680 1051 780 1099; x_wconf 92' lang='lat' dir='ltr'>apud</span> <span class='ocrx_word' id='word_1_70' title='bbox 810 1051 963 1087; x_wconf 86' lang='lat' dir='ltr'>Zamam</span> <span class='ocrx_word' id='word_1_71' title='bbox 991 1063 1122 1101; x_wconf 88' lang='lat' dir='ltr'>magna</span> <span class='ocrx_word' id='word_1_72' title='bbox 1149 1050 1182 1086; x_wconf 86' lang='lat' dir='ltr'>vi</span> 
     </span>
     <span class='ocr_line' id='line_1_12' title="bbox 106 1114 1185 1165; baseline 0 -15"><span class='ocrx_word' id='word_1_73' title='bbox 106 1115 328 1151; x_wconf 85' lang='lat' dir='ltr'>certabatur.</span> <span class='ocrx_word' id='word_1_74' title='bbox 386 1114 465 1152; x_wconf 89' lang='lat' dir='ltr'>Ubi</span> <span class='ocrx_word' id='word_1_75' title='bbox 487 1114 638 1164; x_wconf 90' lang='lat' dir='ltr'>quisque</span> <span class='ocrx_word' id='word_1_76' title='bbox 658 1114 812 1165; x_wconf 85' lang='lat' dir='ltr'>legatus,</span> <span class='ocrx_word' id='word_1_77' title='bbox 843 1123 905 1150; x_wconf 88' lang='lat' dir='ltr'>aut</span> <span class='ocrx_word' id='word_1_78' title='bbox 933 1114 1100 1151; x_wconf 87' lang='lat' dir='ltr'>tribunus</span> <span class='ocrx_word' id='word_1_79' title='bbox 1121 1128 1185 1151; x_wconf 88' lang='lat' dir='ltr'>cu-</span> 
     </span>
     <span class='ocr_line' id='line_1_13' title="bbox 106 1176 1182 1230; baseline 0.001 -16"><span class='ocrx_word' id='word_1_80' title='bbox 106 1177 223 1221; x_wconf 86' lang='lat' dir='ltr'>rabat,</span> <span class='ocrx_word' id='word_1_81' title='bbox 249 1191 294 1214; x_wconf 86' lang='lat' dir='ltr'>eo</span> <span class='ocrx_word' id='word_1_82' title='bbox 321 1190 505 1214; x_wconf 82' lang='lat' dir='ltr'>acerrume</span> <span class='ocrx_word' id='word_1_83' title='bbox 533 1178 627 1223; x_wconf 88' lang='lat' dir='ltr'>niti;</span> <span class='ocrx_word' id='word_1_84' title='bbox 656 1192 772 1228; x_wconf 90' lang='lat' dir='ltr'>neque</span> <span class='ocrx_word' id='word_1_85' title='bbox 792 1177 880 1214; x_wconf 84' lang='lat' dir='ltr'>alius</span> <span class='ocrx_word' id='word_1_86' title='bbox 899 1176 933 1214; x_wconf 87' lang='lat' dir='ltr'>in</span> <span class='ocrx_word' id='word_1_87' title='bbox 954 1178 1023 1214; x_wconf 85' lang='lat' dir='ltr'>alio</span> <span class='ocrx_word' id='word_1_88' title='bbox 1052 1179 1182 1230; x_wconf 86' lang='lat' dir='ltr'>magis,</span> 
     </span>
     <span class='ocr_line' id='line_1_14' title="bbox 106 1241 1181 1292; baseline 0.001 -14"><span class='ocrx_word' id='word_1_89' title='bbox 106 1255 215 1292; x_wconf 88' lang='lat' dir='ltr'>quam</span> <span class='ocrx_word' id='word_1_90' title='bbox 234 1241 269 1278; x_wconf 92' lang='lat' dir='ltr'>in</span> <span class='ocrx_word' id='word_1_91' title='bbox 290 1255 378 1285; x_wconf 90' lang='lat' dir='ltr'>sese,</span> <span class='ocrx_word' id='word_1_92' title='bbox 397 1255 498 1292; x_wconf 92' lang='lat' dir='ltr'>spem</span> <span class='ocrx_word' id='word_1_93' title='bbox 517 1241 673 1279; x_wconf 87' lang='lat' dir='ltr'>habere:</span> <span class='ocrx_word' id='word_1_94' title='bbox 703 1242 838 1292; x_wconf 87' lang='lat' dir='ltr'>pariter</span> <span class='ocrx_word' id='word_1_95' title='bbox 856 1242 1029 1292; x_wconf 84' lang='lat' dir='ltr'>oppidani</span> <span class='ocrx_word' id='word_1_96' title='bbox 1049 1255 1155 1292; x_wconf 87' lang='lat' dir='ltr'>agere</span> <span class='ocrx_word' id='word_1_97' title='bbox 1171 1258 1181 1287; x_wconf 89' lang='lat'><strong>;</strong></span> 
     </span>
     <span class='ocr_line' id='line_1_15' title="bbox 105 1305 1183 1357; baseline 0.001 -14"><span class='ocrx_word' id='word_1_98' title='bbox 105 1306 335 1357; x_wconf 77' lang='lat' dir='ltr'>obpugnare,</span> <span class='ocrx_word' id='word_1_99' title='bbox 364 1315 426 1342; x_wconf 89' lang='lat' dir='ltr'>aut</span> <span class='ocrx_word' id='word_1_100' title='bbox 450 1320 573 1356; x_wconf 89' lang='lat' dir='ltr'>parare</span> <span class='ocrx_word' id='word_1_101' title='bbox 593 1307 760 1343; x_wconf 90' lang='lat' dir='ltr'>omnibus</span> <span class='ocrx_word' id='word_1_102' title='bbox 779 1306 867 1343; x_wconf 92' lang='lat' dir='ltr'>locis</span> <span class='ocrx_word' id='word_1_103' title='bbox 885 1321 894 1344; x_wconf 93' lang='lat'><strong>:</strong></span> <span class='ocrx_word' id='word_1_104' title='bbox 925 1306 1061 1343; x_wconf 83' lang='lat' dir='ltr'>avidius</span> <span class='ocrx_word' id='word_1_105' title='bbox 1080 1305 1183 1344; x_wconf 87' lang='lat' dir='ltr'>alteri</span> 
     </span>
     <span class='ocr_line' id='line_1_16' title="bbox 105 1369 1183 1422; baseline 0.001 -16"><span class='ocrx_word' id='word_1_106' title='bbox 105 1369 237 1407; x_wconf 88' lang='lat' dir='ltr'>alteros</span> <span class='ocrx_word' id='word_1_107' title='bbox 251 1370 422 1418; x_wconf 76' lang='lat' dir='ltr'>sauciare,</span> <span class='ocrx_word' id='word_1_108' title='bbox 439 1384 548 1420; x_wconf 91' lang='lat' dir='ltr'>quam</span> <span class='ocrx_word' id='word_1_109' title='bbox 563 1380 675 1408; x_wconf 88' lang='lat' dir='ltr'>semet</span> <span class='ocrx_word' id='word_1_110' title='bbox 691 1380 814 1422; x_wconf 85' lang='lat' dir='ltr'>tegere</span> <span class='ocrx_word' id='word_1_111' title='bbox 829 1386 838 1408; x_wconf 89' lang='lat'><strong>:</strong></span> <span class='ocrx_word' id='word_1_112' title='bbox 860 1370 1009 1415; x_wconf 87' lang='lat' dir='ltr'>clamor,</span> <span class='ocrx_word' id='word_1_113' title='bbox 1025 1371 1183 1420; x_wconf 82' lang='lat' dir='ltr'>permix-</span> 
     </span>
     <span class='ocr_line' id='line_1_17' title="bbox 105 1434 1182 1487; baseline 0 -15"><span class='ocrx_word' id='word_1_114' title='bbox 105 1444 166 1472; x_wconf 85' lang='lat' dir='ltr'>tus</span> <span class='ocrx_word' id='word_1_115' title='bbox 193 1434 414 1478; x_wconf 87' lang='lat' dir='ltr'>hortatione,</span> <span class='ocrx_word' id='word_1_116' title='bbox 442 1434 591 1479; x_wconf 85' lang='lat' dir='ltr'>laetitia,</span> <span class='ocrx_word' id='word_1_117' title='bbox 621 1436 790 1487; x_wconf 87' lang='lat' dir='ltr'>gemitu;</span> <span class='ocrx_word' id='word_1_118' title='bbox 819 1436 906 1473; x_wconf 89' lang='lat' dir='ltr'>item</span> <span class='ocrx_word' id='word_1_119' title='bbox 934 1436 1105 1485; x_wconf 81' lang='lat' dir='ltr'>strepitus</span> <span class='ocrx_word' id='word_1_120' title='bbox 1125 1449 1182 1472; x_wconf 87' lang='lat' dir='ltr'>ar-</span> 
     </span>
     <span class='ocr_line' id='line_1_18' title="bbox 105 1499 1180 1549; baseline 0.001 -13"><span class='ocrx_word' id='word_1_121' title='bbox 105 1513 261 1543; x_wconf 88' lang='lat' dir='ltr'>morum,</span> <span class='ocrx_word' id='word_1_122' title='bbox 281 1499 327 1536; x_wconf 89' lang='lat' dir='ltr'>ad</span> <span class='ocrx_word' id='word_1_123' title='bbox 346 1499 487 1536; x_wconf 90' lang='lat' dir='ltr'>coelum</span> <span class='ocrx_word' id='word_1_124' title='bbox 504 1499 610 1536; x_wconf 87' lang='lat' dir='ltr'>ferri:</span> <span class='ocrx_word' id='word_1_125' title='bbox 633 1499 713 1536; x_wconf 78' lang='lat' dir='ltr'>-tela</span> <span class='ocrx_word' id='word_1_126' title='bbox 729 1500 909 1549; x_wconf 88' lang='lat' dir='ltr'>utrimque</span> <span class='ocrx_word' id='word_1_127' title='bbox 926 1499 1056 1536; x_wconf 84' lang='lat' dir='ltr'>volare.</span> <span class='ocrx_word' id='word_1_128' title='bbox 1106 1501 1180 1537; x_wconf 90' lang='lat' dir='ltr'>Sed</span> 
     </span>
     <span class='ocr_line' id='line_1_19' title="bbox 105 1563 1179 1615; baseline -0.001 -13"><span class='ocrx_word' id='word_1_129' title='bbox 105 1564 168 1609; x_wconf 86' lang='lat' dir='ltr'>illi,</span> <span class='ocrx_word' id='word_1_130' title='bbox 199 1565 262 1615; x_wconf 93' lang='lat' dir='ltr'>qui</span> <span class='ocrx_word' id='word_1_131' title='bbox 291 1564 431 1601; x_wconf 88' lang='lat' dir='ltr'>moenia</span> <span class='ocrx_word' id='word_1_132' title='bbox 458 1563 706 1608; x_wconf 83' lang='lat' dir='ltr'>defensabant,</span> <span class='ocrx_word' id='word_1_133' title='bbox 735 1564 797 1600; x_wconf 90' lang='lat' dir='ltr'>ubi</span> <span class='ocrx_word' id='word_1_134' title='bbox 826 1564 949 1601; x_wconf 89' lang='lat' dir='ltr'>hostes</span> <span class='ocrx_word' id='word_1_135' title='bbox 977 1563 1179 1614; x_wconf 83' lang='lat' dir='ltr'>paullulum</span> 
     </span>
     <span class='ocr_line' id='line_1_20' title="bbox 105 1628 1177 1680; baseline 0 -15"><span class='ocrx_word' id='word_1_136' title='bbox 105 1628 215 1665; x_wconf 89' lang='lat' dir='ltr'>modo</span> <span class='ocrx_word' id='word_1_137' title='bbox 233 1642 395 1680; x_wconf 88' lang='lat' dir='ltr'>pugnam</span> <span class='ocrx_word' id='word_1_138' title='bbox 414 1628 634 1671; x_wconf 86' lang='lat' dir='ltr'>remiserant,</span> <span class='ocrx_word' id='word_1_139' title='bbox 663 1628 792 1664; x_wconf 88' lang='lat' dir='ltr'>intenti</span> <span class='ocrx_word' id='word_1_140' title='bbox 812 1628 990 1678; x_wconf 83' lang='lat' dir='ltr'>proelium</span> <span class='ocrx_word' id='word_1_141' title='bbox 1008 1639 1177 1678; x_wconf 89' lang='lat' dir='ltr'>equestre</span> 
     </span>
     <span class='ocr_line' id='line_1_21' title="bbox 103 1693 1181 1744; baseline 0 -14"><span class='ocrx_word' id='word_1_142' title='bbox 103 1693 387 1743; x_wconf 87' lang='lat' dir='ltr'>prospectabant</span> <span class='ocrx_word' id='word_1_143' title='bbox 402 1708 411 1730; x_wconf 71' lang='grc' dir='ltr'><strong><em>ε</em></strong></span> <span class='ocrx_word' id='word_1_144' title='bbox 432 1707 508 1736; x_wconf 89' lang='lat' dir='ltr'>eos,</span> <span class='ocrx_word' id='word_1_145' title='bbox 524 1693 577 1729; x_wconf 90' lang='lat' dir='ltr'>uti</span> <span class='ocrx_word' id='word_1_146' title='bbox 593 1706 757 1742; x_wconf 86' lang='lat' dir='ltr'>quaeque</span> <span class='ocrx_word' id='word_1_147' title='bbox 772 1694 794 1730; x_wconf 91' lang='lat' dir='ltr'>J</span> <span class='ocrx_word' id='word_1_148' title='bbox 798 1694 978 1744; x_wconf 88' lang='lat' dir='ltr'>ugurthae</span> <span class='ocrx_word' id='word_1_149' title='bbox 993 1707 1048 1730; x_wconf 84' lang='lat' dir='ltr'>res</span> <span class='ocrx_word' id='word_1_150' title='bbox 1063 1702 1181 1738; x_wconf 70' lang='lat' dir='ltr'>esant,</span> 
     </span>
     <span class='ocr_line' id='line_1_22' title="bbox 102 1756 1180 1807; baseline 0 -12"><span class='ocrx_word' id='word_1_151' title='bbox 102 1756 218 1795; x_wconf 87' lang='lat' dir='ltr'>laetos</span> <span class='ocrx_word' id='word_1_152' title='bbox 237 1758 360 1802; x_wconf 89' lang='lat' dir='ltr'>modo,</span> <span class='ocrx_word' id='word_1_153' title='bbox 379 1758 490 1794; x_wconf 91' lang='lat' dir='ltr'>modo</span> <span class='ocrx_word' id='word_1_154' title='bbox 509 1756 658 1807; x_wconf 86' lang='lat' dir='ltr'>pavidos</span> <span class='ocrx_word' id='word_1_155' title='bbox 678 1757 1004 1795; x_wconf 77' lang='lat' dir='ltr'>animadverteres:</span> <span class='ocrx_word' id='word_1_156' title='bbox 1036 1772 1091 1801; x_wconf 90' lang='lat' dir='ltr'>ac,</span> <span class='ocrx_word' id='word_1_157' title='bbox 1112 1758 1180 1795; x_wconf 91' lang='lat' dir='ltr'>sic-</span> 
     </span>
     <span class='ocr_line' id='line_1_23' title="bbox 103 1821 1177 1870; baseline 0 -12"><span class='ocrx_word' id='word_1_158' title='bbox 103 1821 160 1858; x_wconf 88' lang='lat' dir='ltr'>uti</span> <span class='ocrx_word' id='word_1_159' title='bbox 187 1821 301 1858; x_wconf 84' lang='lat' dir='ltr'>audiri</span> <span class='ocrx_word' id='word_1_160' title='bbox 320 1835 341 1858; x_wconf 89' lang='lat' dir='ltr'>a</span> <span class='ocrx_word' id='word_1_161' title='bbox 360 1821 432 1858; x_wconf 92' lang='lat' dir='ltr'>suis</span> <span class='ocrx_word' id='word_1_162' title='bbox 451 1830 515 1858; x_wconf 90' lang='lat' dir='ltr'>aut</span> <span class='ocrx_word' id='word_1_163' title='bbox 535 1821 630 1858; x_wconf 88' lang='lat' dir='ltr'>cerni</span> <span class='ocrx_word' id='word_1_164' title='bbox 661 1830 822 1870; x_wconf 88' lang='lat' dir='ltr'>possent,</span> <span class='ocrx_word' id='word_1_165' title='bbox 854 1835 998 1858; x_wconf 81' lang='lat' dir='ltr'>monere</span> <span class='ocrx_word' id='word_1_166' title='bbox 1017 1821 1090 1865; x_wconf 87' lang='lat' dir='ltr'>alii,</span> <span class='ocrx_word' id='word_1_167' title='bbox 1119 1821 1177 1858; x_wconf 83' lang='lat' dir='ltr'>alii</span> 
     </span>
     <span class='ocr_line' id='line_1_24' title="bbox 101 1885 1179 1937; baseline 0 -14"><span class='ocrx_word' id='word_1_168' title='bbox 101 1885 254 1931; x_wconf 84' lang='lat' dir='ltr'>hortari,</span> <span class='ocrx_word' id='word_1_169' title='bbox 273 1895 337 1924; x_wconf 90' lang='lat' dir='ltr'>aut</span> <span class='ocrx_word' id='word_1_170' title='bbox 357 1900 463 1923; x_wconf 89' lang='lat' dir='ltr'>manu</span> <span class='ocrx_word' id='word_1_171' title='bbox 484 1885 699 1937; x_wconf 86' lang='lat' dir='ltr'>significare,</span> <span class='ocrx_word' id='word_1_172' title='bbox 726 1895 789 1922; x_wconf 91' lang='lat' dir='ltr'>aut</span> <span class='ocrx_word' id='word_1_173' title='bbox 809 1886 875 1922; x_wconf 90' lang='lat' dir='ltr'>niti</span> <span class='ocrx_word' id='word_1_174' title='bbox 894 1885 1121 1936; x_wconf 87' lang='lat' dir='ltr'>corporibus,</span> <span class='ocrx_word' id='word_1_175' title='bbox 1141 1896 1179 1923; x_wconf 86' lang='lat' dir='ltr'>et</span> 
     </span>
     <span class='ocr_line' id='line_1_25' title="bbox 101 1949 1176 2001; baseline -0.002 -13"><span class='ocrx_word' id='word_1_176' title='bbox 101 1949 189 1994; x_wconf 93' lang='lat' dir='ltr'>huc,</span> <span class='ocrx_word' id='word_1_177' title='bbox 208 1949 308 1995; x_wconf 84' lang='lat' dir='ltr'>illuc,</span> <span class='ocrx_word' id='word_1_178' title='bbox 329 1950 429 2001; x_wconf 89' lang='lat' dir='ltr'>quasi</span> <span class='ocrx_word' id='word_1_179' title='bbox 450 1949 636 1986; x_wconf 82' lang='lat' dir='ltr'>vitabundi</span> <span class='ocrx_word' id='word_1_180' title='bbox 651 1958 713 1986; x_wconf 89' lang='lat' dir='ltr'>aut</span> <span class='ocrx_word' id='word_1_181' title='bbox 727 1949 901 2001; x_wconf 81' lang='lat' dir='ltr'>jacientes</span> <span class='ocrx_word' id='word_1_182' title='bbox 920 1949 1006 1994; x_wconf 87' lang='lat' dir='ltr'>tela,</span> <span class='ocrx_word' id='word_1_183' title='bbox 1025 1950 1176 2001; x_wconf 86' lang='lat' dir='ltr'>agitare.</span> 
     </span>
     <span class='ocr_line' id='line_1_26' title="bbox 103 2013 1177 2065; baseline -0.001 -14"><span class='ocrx_word' id='word_1_184' title='bbox 103 2015 220 2064; x_wconf 83' lang='lat' dir='ltr'>Quod</span> <span class='ocrx_word' id='word_1_185' title='bbox 240 2014 302 2052; x_wconf 92' lang='lat' dir='ltr'>ubi</span> <span class='ocrx_word' id='word_1_186' title='bbox 330 2014 452 2052; x_wconf 86' lang='lat' dir='ltr'>Mario</span> <span class='ocrx_word' id='word_1_187' title='bbox 471 2013 662 2065; x_wconf 89' lang='lat' dir='ltr'>cognitum</span> <span class='ocrx_word' id='word_1_188' title='bbox 681 2022 748 2057; x_wconf 83' lang='lat' dir='ltr'>est,</span> <span class='ocrx_word' id='word_1_189' title='bbox 782 2014 883 2065; x_wconf 85' lang='lat' dir='ltr'>(nam</span> <span class='ocrx_word' id='word_1_190' title='bbox 902 2014 931 2051; x_wconf 89' lang='lat' dir='ltr'>is</span> <span class='ocrx_word' id='word_1_191' title='bbox 949 2013 984 2050; x_wconf 90' lang='lat' dir='ltr'>in</span> <span class='ocrx_word' id='word_1_192' title='bbox 1004 2026 1046 2050; x_wconf 89' lang='lat' dir='ltr'>ea</span> <span class='ocrx_word' id='word_1_193' title='bbox 1073 2022 1177 2064; x_wconf 83' lang='lat' dir='ltr'>parte</span> 
     </span>
     <span class='ocr_line' id='line_1_27' title="bbox 103 2077 1179 2130; baseline -0.002 -15"><span class='ocrx_word' id='word_1_194' title='bbox 103 2078 276 2130; x_wconf 89' lang='lat' dir='ltr'>curabat)</span> <span class='ocrx_word' id='word_1_195' title='bbox 310 2078 478 2115; x_wconf 90' lang='lat' dir='ltr'>consulto</span> <span class='ocrx_word' id='word_1_196' title='bbox 505 2077 619 2114; x_wconf 90' lang='lat' dir='ltr'>lenius</span> <span class='ocrx_word' id='word_1_197' title='bbox 647 2091 767 2128; x_wconf 85' lang='lat' dir='ltr'>agere,</span> <span class='ocrx_word' id='word_1_198' title='bbox 797 2091 838 2115; x_wconf 93' lang='lat' dir='ltr'>ac</span> <span class='ocrx_word' id='word_1_199' title='bbox 867 2077 1103 2115; x_wconf 84' lang='lat' dir='ltr'>diffidentiam</span> <span class='ocrx_word' id='word_1_200' title='bbox 1129 2077 1179 2114; x_wconf 87' lang='lat' dir='ltr'>rei</span> 
     </span>
     <span class='ocr_line' id='line_1_28' title="bbox 104 2141 1177 2195; baseline -0.002 -15"><span class='ocrx_word' id='word_1_201' title='bbox 104 2142 270 2189; x_wconf 72' lang='lat' dir='ltr'>simulare</span> <span class='ocrx_word' id='word_1_202' title='bbox 286 2158 297 2183; x_wconf 73' lang='grc' dir='ltr'><strong><em>ε</em></strong></span> <span class='ocrx_word' id='word_1_203' title='bbox 326 2144 405 2195; x_wconf 83' lang='lat' dir='ltr'>pati</span> <span class='ocrx_word' id='word_1_204' title='bbox 425 2142 604 2189; x_wconf 90' lang='lat' dir='ltr'>Numidas</span> <span class='ocrx_word' id='word_1_205' title='bbox 619 2142 694 2179; x_wconf 89' lang='lat' dir='ltr'>sine</span> <span class='ocrx_word' id='word_1_206' title='bbox 708 2142 868 2181; x_wconf 83' lang='lat' dir='ltr'>tumultu</span> <span class='ocrx_word' id='word_1_207' title='bbox 888 2142 984 2195; x_wconf 89' lang='lat' dir='ltr'>regis</span> <span class='ocrx_word' id='word_1_208' title='bbox 1001 2141 1177 2195; x_wconf 82' lang='lat' dir='ltr'>proelium</span> 
     </span>
    </p>
   </div>
   <div class='ocr_carea' id='block_1_4' title="bbox 625 2207 661 2256">
    <p class='ocr_par' dir='ltr' id='par_1_4' title="bbox 625 2207 661 2256">
     <span class='ocr_line' id='line_1_29' title="bbox 625 2207 661 2256; baseline 0 0"><span class='ocrx_word' id='word_1_209' title='bbox 625 2207 661 2256; x_wconf 81' lang='lat' dir='ltr'>Q</span> 
     </span>
    </p>
   </div>
  </div>
 </body>
</html>
