1451 2719
296 307 608 348 SALLUSTII
644 309 1031 350 FRAGMENTA.
1134 314 1202 350 181

140 421 245 465 nidis,
271 434 348 459 esse
366 435 448 459 eum
478 436 541 472 per
560 422 674 459 scelus
694 433 874 473 occupata
901 421 1136 472 periculosius
1155 423 1209 459 di-

136 486 340 523 missurum.
398 486 458 522 At
477 485 534 523 ille
549 501 592 523 eo
613 487 802 537 processit,
822 487 875 523 uti
892 485 977 522 nihil
993 485 1208 537 gloriosum,

134 549 202 587 nisi
220 558 356 593 tutum,
375 559 412 587 et
428 551 547 587 omnia
564 552 769 588 retinendae
784 550 1040 588 dominationis
1055 550 1208 586 honesta

134 613 340 650 existumet.
400 614 531 664 Itaque
561 615 620 651 illa
640 615 740 665 quies
759 623 796 652 et
815 614 930 651 otium
951 627 1034 650 cum
1062 613 1208 651 liberta-

134 686 185 721 te,
205 690 297 728 quae
317 677 421 714 multi
442 679 546 728 probi
566 679 702 728 potius,
726 692 834 728 quam
854 677 1014 715 laborem
1033 691 1118 714 cum
1138 677 1206 713 ho-

134 742 295 786 noribus,
323 744 571 792 capessebant,
600 743 695 780 nulla
715 753 810 780 sunt.
869 742 956 780 Hac
985 750 1205 792 tempestate

134 806 377 850 serviundum,
411 818 473 843 aut
503 807 780 857 imperitandum
802 821 811 843 ε
855 806 1042 843 habendus
1075 815 1207 850 metus,

133 880 197 908 aut
225 871 429 915 faciundas,
460 872 635 922 Quirites.
694 871 790 909 Nam
811 871 900 921 quid
920 870 1046 908 ultra?
1074 883 1209 920 quaeve

135 934 290 972 humana
310 945 491 985 superant,
520 946 582 973 aut
603 936 720 972 divina
738 935 930 985 impolluta
950 935 1060 971 sunt?
1090 948 1210 984 popu-

133 997 189 1035 lus
213 999 411 1043 Romanus,
439 999 548 1049 paulo
576 1009 658 1036 ante
686 999 848 1051 gentium
868 998 1088 1042 moderator,
1120 1011 1209 1034 exu-

135 1072 196 1100 tus
215 1064 378 1114 imperio,
406 1063 535 1115 gloria,
559 1066 652 1115 jure,
680 1064 841 1115 agitandi
860 1063 978 1112 inops,
998 1062 1208 1112 despectus-

135 1142 221 1178 que,
241 1143 284 1166 ne
303 1129 440 1166 servilia
457 1128 605 1178 quidem
620 1127 787 1165 alimenta
802 1126 938 1176 reliqua
957 1127 1081 1163 habet.
1140 1127 1211 1164 So-

134 1191 274 1230 ciorum
293 1202 331 1230 et
351 1193 454 1230 Latii
474 1206 604 1243 magna
623 1192 674 1229 vis
693 1192 853 1235 civitate,
881 1204 948 1241 pro
977 1190 1099 1227 multis
1118 1199 1156 1228 et
1174 1204 1212 1228 e-

136 1256 273 1309 gregiis
298 1256 404 1294 factis
423 1270 443 1293 a
462 1257 563 1294 vobis
581 1258 679 1301 data,
707 1270 772 1306 per
800 1269 910 1293 unum
938 1255 1208 1305 prohibentur:

134 1330 173 1359 et
192 1320 308 1371 plebis
326 1321 491 1358 innoxiae
510 1321 644 1371 patrias
663 1321 764 1358 sedes
783 1333 1007 1370 occupavere
1027 1320 1135 1370 pauci
1156 1333 1211 1357 sa-

135 1384 281 1429 tellites,
309 1386 511 1423 mercedem
530 1385 717 1423 scelerum.
776 1384 914 1436 Leges,
937 1384 1086 1435 judicia,
1115 1397 1213 1420 aera-

137 1451 242 1494 rium,
261 1449 479 1500 provinciae,
498 1464 615 1501 reges,
636 1463 744 1500 penes
764 1463 875 1486 unum
893 1465 903 1494 ;
933 1449 1086 1499 denique
1115 1450 1213 1487 necis

137 1515 269 1552 civium
289 1525 327 1552 et
347 1515 440 1551 vitae
459 1514 616 1552 licentia.
674 1513 789 1551 Simul
817 1513 987 1550 humanas
1006 1514 1142 1550 hostias
1162 1514 1214 1551 vi-

137 1579 254 1623 distis,
283 1588 321 1616 et
350 1579 539 1629 sepulchra
567 1577 702 1615 infecta
730 1578 902 1629 sanguine
929 1577 1035 1614 civili.
1092 1578 1210 1616 Estne

138 1643 221 1680 viris
248 1642 375 1693 reliqui
402 1642 512 1686 aliud,
542 1656 650 1693 quam
671 1642 805 1679 solvere
825 1642 1002 1694 injuriam,
1031 1652 1093 1680 aut
1120 1644 1210 1680 mori

138 1721 203 1758 per
221 1707 412 1745 virtutem?
433 1707 602 1758 quoniam
617 1707 763 1756 quidem
783 1721 894 1744 unum
913 1708 1082 1744 omnibus
1103 1708 1209 1746 finem

139 1782 279 1815 natura,
306 1771 363 1808 vel
392 1771 487 1808 ferro
516 1771 639 1821 septis,
669 1772 823 1809 statuit:
868 1787 984 1822 neque
1018 1774 1211 1824 quisquam

137 1845 335 1874 extremam
367 1835 631 1878 necessitatem,
669 1835 757 1872 nihil
793 1822 912 1881 aiisus,
950 1838 1014 1874 nisi
1047 1838 1210 1876 muliebri

138 1900 298 1952 ingenio,
317 1909 520 1950 exspectat.
577 1901 717 1937 Verum
739 1915 810 1952 ego
830 1902 1034 1947 seditiosus,
1055 1904 1108 1941 uti
1130 1904 1213 1942 Sul-

140 1966 173 2002 la
192 1966 260 2009 ait,
284 1966 346 2016 qui
371 1966 529 2016 praemia
547 1967 734 2003 turbarum
755 1982 910 2017 (ψει-οῖς
939 1977 976 2006 et
996 1969 1129 2006 bellum
1146 1983 1219 2008 cu-

140 2031 254 2081 piens,
283 2030 367 2080 quia
397 2033 476 2082 jura
508 2031 607 2080 pacis
640 2041 778 2081 repetO.
837 2033 998 2078 Scilicet,
1029 2035 1111 2086 quia
1140 2050 1211 2074 non

140 2095 244 2132 aliter
261 2095 346 2132 salvi
367 2096 524 2146 satisque
543 2096 615 2132 tuti
636 2096 669 2132 in
690 2097 840 2146 imperio
859 2097 971 2142 eritis,
1000 2099 1065 2136 nisi
1087 2101 1210 2138 Vetti,

141 2172 184 2196 ns
205 2159 346 2204 Picens,
371 2158 488 2197 scriba
507 2159 712 2204 Cornelius,
740 2159 854 2198 aliena
872 2162 963 2201 bene
983 2172 1108 2212 parata
1126 2179 1217 2216 pro·-
