1451 2719
330 323 645 367 SALLUSTn
677 326 983 369 CATILINA.
1150 331 1201 370 57

119 438 212 478 focis
242 439 327 484 suis,
357 453 513 478 cernere.
573 438 702 479 Homo
723 441 897 486 militaris,
925 441 1026 491 quod
1045 439 1198 490 amplius

116 515 228 543 annos
247 505 397 556 triginta
417 505 596 550 tribunus,
626 517 688 544 aut
709 506 926 556 praefectus,
955 513 1018 543 aut
1037 506 1196 557 legatus,

115 578 180 606 aut
210 578 370 619 praetor,
414 582 498 606 cum
531 584 663 621 magna
695 570 809 622 gloria
842 569 972 614 fuerat,
1005 569 1197 619 plerosque

115 634 212 684 ipsos
240 633 410 684 factaque
428 649 551 671 eorum
573 635 682 672 fortia
706 643 878 672 noverat:
907 648 950 672 ea
976 647 1197 672 commemo-

118 698 230 736 rando
246 697 401 736 militum
421 700 555 736 animos
575 699 807 737 accendebat.

170 827 263 865 LX.
286 828 369 865 Seu
390 828 464 872 ubi,
485 829 590 865 rebus
609 828 776 866 omnibus
794 827 1003 878 exploratis,
1025 827 1189 864 Petreius

116 891 207 929 tuba
228 891 370 943 signum
390 892 466 936 dat,
490 893 656 930 'cohortis
676 893 861 943 paullatim
880 892 1044 929 incedere
1059 892 1165 943 jubet
1183 905 1192 928 :

117 957 213 994 idem
233 956 323 994 facit
341 957 502 994 hostium
517 958 709 994 exercitus.
754 957 954 1007 Postquam
969 970 1013 993 eo
1033 964 1195 999 ventum,

118 1021 212 1058 unde
231 1035 252 1058 a
270 1021 470 1058 ferentariis
482 1021 659 1071 proelium
672 1022 852 1058 committi
865 1030 1003 1071 posset,
1024 1032 1197 1056 maxumo

116 1085 274 1122 clamore
302 1099 386 1123 curn
405 1085 544 1122 infestis
579 1086 689 1136 signis
709 1095 932 1122 concurrunt
951 1100 961 1129 ;
994 1083 1067 1133 pila
1085 1083 1196 1120 omit-

117 1158 228 1195 tunt;
258 1148 389 1201 gladiis
409 1163 463 1186 res
483 1150 635 1201 geritur.
693 1150 881 1193 Veterani,
896 1149 1067 1199 pristinae
1082 1149 1197 1185 virtu-

117 1214 164 1251 tis
182 1227 373 1258 memores,
402 1214 604 1250 comminus
624 1214 755 1251 acriter
769 1214 927 1259 instare3
957 1213 1008 1250 illi
1032 1213 1130 1250 haud
1150 1212 1199 1249 ti-

116 1279 203 1316 midi
222 1279 394 1316 resistunt
412 1294 421 1316 :
452 1292 620 1315 maxuma
637 1279 670 1315 vi
690 1287 862 1316 certatur.
924 1279 1068 1315 Interea
1091 1277 1197 1315 Cati·

115 1341 187 1380 lina
206 1357 290 1380 cum
309 1343 491 1393 expeditis
510 1343 545 1379 in
561 1343 675 1393 prima
695 1344 771 1380 acie
783 1342 928 1387 versari,
946 1341 1197 1379 laborantibus

119 1421 343 1452 succurrere,
371 1407 534 1458 integros
564 1421 631 1457 pro
665 1407 794 1444 sauciis
835 1421 1036 1451 arcessere3
1078 1406 1199 1442 omnia

117 1471 333 1521 providere;
363 1471 519 1508 multum
539 1471 615 1520 ipse
634 1484 812 1521 pugnare,
842 1484 947 1521 saepe
980 1471 1124 1507 hostem
1143 1469 1197 1506 fe-

119 1537 187 1573 rire
205 1551 215 1573 z
247 1536 383 1573 strenui
403 1535 526 1572 militis
546 1544 582 1572 et
594 1535 680 1572 boni
697 1536 924 1584 imperatoris
943 1534 1063 1572 officia
1091 1533 1199 1571 simul

117 1600 398 1651 exsequebatur.
458 1600 635 1644 Petreius,
656 1600 718 1636 ubi
731 1600 828 1636 videt
844 1599 1054 1644 Catilinam,
1071 1608 1198 1636 contra

117 1677 159 1701 ac
178 1672 278 1701 ratus
297 1673 388 1707 erat,
416 1677 548 1715 magna
567 1664 600 1700 vi
621 1663 782 1707 tendere,
811 1663 1001 1701 cohortem
1020 1663 1198 1714 praetori-

117 1742 175 1765 am
194 1729 228 1765 in
250 1729 387 1765 medios
406 1728 522 1765 hostis
542 1727 684 1764 inducit
703 1743 713 1772 ;
743 1741 804 1764 eos
832 1729 1067 1777 perturbatos
1086 1738 1198 1778 atque

117 1791 206 1829 alios
225 1792 310 1829 alibi
330 1792 536 1829 resistentes
564 1791 736 1828 interficit
755 1807 765 1836 ;
795 1791 924 1828 deinde
945 1792 1128 1841 utrimque
1148 1805 1194 1828 ex

118 1856 294 1894 lateribus
313 1856 540 1908 adgreditur.
598 1854 759 1893 Manlius
778 1864 816 1892 et
833 1855 1052 1893 Faesulanus
1072 1856 1106 1891 in
1126 1855 1200 1904 pri-

125 1922 192 1958 mis
206 1930 413 1973 pugnantes
429 1920 577 1958 cadunt.
606 1920 807 1969 Postquam
824 1919 919 1957 fusas
935 1921 1072 1971 copias,
1089 1934 1199 1971 seque

119 2000 204 2023 curn
222 1986 348 2036 paucis
368 1985 549 2029 relictum,
572 1985 668 2021 videt
697 1985 869 2029 Catilina,
898 1999 1035 2022 memor
1057 1985 1198 2037 generis

118 2059 230 2101 atque
250 2051 422 2101 pristinae
442 2049 646 2101 dignitatis,
679 2049 714 2085 in
748 2049 1044 2087 confertissumos
1074 2050 1198 2087 hostes

119 2105 287 2162 incurrit,
315 2115 438 2167 ibique
459 2128 625 2166 pugnans
653 2113 876 2152 confoditur.

646 2177 690 2215 H
