1497 2689
280 316 356 353 208
439 314 754 354 SALLUSTII
798 314 1185 354 FRAGMENTA.

330 426 389 465 M.
406 427 609 472 Antonius,
642 427 849 477 perdundae
868 428 1041 477 pecuniae
1055 428 1214 480 genitus,
1241 441 1348 466 vacu-

277 503 390 541 usque
410 492 518 536 curis,
538 491 602 528 nisi
623 492 852 529 instantibus.
910 492 1017 530 Idem.

328 557 459 595 Muros
479 566 739 595 successerant.
797 557 905 595 Idem.

329 623 496 672 Saxaque
516 622 676 674 ingentia
703 631 741 659 et
773 636 838 659 axe
859 622 999 659 vinctae
1018 622 1138 659 trabes
1167 637 1233 672 per
1262 637 1349 673 pro-

273 699 360 722 num
378 687 636 731 incitabantur,
668 687 870 737 axibusque
903 685 1111 723 eminebant
1143 686 1178 722 in
1198 688 1347 725 modum

271 750 369 787 ericii
390 751 550 788 militaris
583 760 708 788 veruta
727 751 851 788 binum
874 751 1021 800 pedum.
1070 751 1166 788 Non.
1215 752 1318 789 Serv.

329 816 527 853 Octavium
542 816 678 861 mitem,
698 826 734 854 et
755 826 904 867 captum
923 817 1089 866 pedibus.
1146 818 1317 854 Arusian.

328 880 452 931 Igitur
487 881 716 925 discubuere,
755 883 937 919 Sertorius
956 881 1104 918 inferior
1138 881 1174 917 in
1212 881 1346 926 medio,

272 959 379 996 super
397 959 479 982 eum
499 946 549 983 L.
573 946 708 983 Fabius
730 946 996 996 Hispaniensis,
1029 954 1173 983 senator
1190 959 1235 983 ex
1263 959 1348 995 pro-

270 1010 414 1060 scriptis
432 1025 441 1047 :
471 1010 506 1046 in
527 1024 666 1048 summo
687 1011 892 1054 Antonius,
912 1020 949 1048 et
968 1009 1058 1047 infra
1080 1009 1197 1047 scriba
1219 1010 1346 1047 Serto-

270 1074 325 1118 rii,
354 1075 531 1112 Versius:
563 1074 654 1111 alter
673 1075 789 1112 scriba
820 1075 1016 1112 Maecenas
1034 1074 1069 1110 in
1090 1074 1176 1118 imo,
1207 1074 1346 1111 medius

268 1138 363 1176 inter
390 1139 628 1190 Tarquitium
655 1149 693 1176 et
719 1140 905 1176 dominum
935 1140 1174 1189 Perpennam.
1226 1139 1343 1188 ,Non-

271 1205 375 1241 Serv.

322 1269 489 1318 Quarum
521 1282 628 1305 unam
661 1268 852 1318 epistolam
871 1267 966 1304 forte
995 1281 1078 1304 cum
1098 1280 1198 1303 servo
1229 1266 1341 1310 nacti,

266 1333 498 1382 praedatores
530 1333 712 1370 Valeriani
746 1332 935 1382 scorpione
979 1332 1014 1368 in
1049 1340 1168 1368 castra
1201 1331 1339 1368 misere.

269 1399 363 1435 Non.

618 1540 739 1564 LIBER
777 1539 994 1572 QUARTUS.

318 1657 390 1694 Ar
412 1657 482 1694 Cn.
506 1656 702 1701 Lentulus,
731 1656 903 1706 patriciae
931 1656 1066 1708 gentis,
1093 1656 1236 1708 collega
1263 1659 1341 1708 ejus

265 1721 324 1758 cui
343 1731 630 1773 cognomentum
659 1721 840 1760 Clodiano
860 1721 944 1765 fuit,
974 1722 1218 1771 perincertum
1239 1721 1341 1758 stoli-

265 1787 357 1829 dior,
386 1800 430 1822 an
450 1786 586 1830 vanior,
615 1785 734 1837 legem
754 1787 798 1823 de
821 1786 986 1836 pecunia,
1016 1800 1124 1836 quarn
1147 1786 1248 1824 Sulla
1267 1800 1341 1823 em-

264 1852 404 1888 toribus
431 1852 611 1888 bonorum
640 1850 838 1896 remiserat,
872 1851 1052 1903 exigenda
1079 1851 1338 1903 promulgavit.

265 1917 433 1967 Agellt'us,
452 1916 510 1954 lib.
532 1918 634 1954 xviii.
655 1926 735 1969 calz.
758 1920 794 1953 4.

318 1983 469 2027 Omnes,
504 1982 648 2032 quibus,
688 1990 834 2018 senecto
855 1995 1024 2032 corpore,
1052 1981 1189 2018 animus
1210 1980 1340 2018 milita·

264 2049 311 2085 ris
334 2057 423 2084 erat.
480 2049 596 2084 Prisc.
619 2047 675 2085 lib.
701 2048 749 2084 xi.
770 2056 801 2083 et
819 2063 855 2083 x.

316 2112 430 2157 Dein,
449 2112 560 2149 lenita
573 2114 648 2164 jam
666 2112 731 2154 ira,
751 2119 898 2160 postero
919 2111 976 2148 die
996 2110 1202 2149 liberalibus
1223 2110 1339 2149 verbis

265 2176 457 2231 permulcti
487 2185 583 2214 sunt.
640 2176 751 2220 Idem,
770 2176 827 2213 lib.
849 2177 898 2213 ix.

239 2454 263 2504 ⁰0
