1497 2689
252 267 332 306 240
635 265 936 305 INDEX.

251 378 388 415 Cottae
407 376 562 414 consulis
581 378 697 414 oratio
717 379 762 415 ad
789 378 966 429 populum
987 380 1077 418 217.

249 442 414 487 Crassus,
434 442 492 479 cui
513 440 708 492 Pompeius
727 443 872 486 invisus,
901 442 1157 494 conjurationis
1176 455 1247 478 non
1261 442 1318 494 ig-

300 520 406 543 narus
425 506 495 543 fuit
520 510 577 543 14.
608 520 628 542 a
647 506 850 557 Tarquinio
870 508 1073 544 nominatur
1094 510 1155 545 38.

247 571 393 614 Curius,
422 585 441 607 e
461 571 655 621 conjuratis
675 585 779 615 unus,
811 581 936 608 senatu
968 571 1161 621 aliquando
1194 570 1318 621 probri

299 634 417 686 gratia
435 648 455 670 a
475 635 682 672 censoribus
701 645 835 680 motus,
865 636 1025 681 Fulviae,
1053 650 1136 673 cum
1156 650 1227 686 qua
1259 650 1319 673 ve-

299 707 359 737 tus
378 700 411 736 ei
431 700 546 749 stupri
562 701 803 745 consuetudo,
822 702 1104 753 conjurationem
1117 701 1231 750 aperit
1257 703 1316 739 19.

246 764 508 815 Cyrenensium
528 775 565 801 et
586 765 937 817 Carthaginiensium
956 766 999 804 lis
1017 768 1062 803 de
1092 780 1175 803 suae
1198 766 1319 817 regio-

299 828 352 865 nis
371 828 502 866 finibus
526 832 612 873 137,
638 833 723 867 138.

246 894 366 945 Cyrus
380 894 415 930 in
431 893 526 931 Asia
538 894 660 944 coepit
675 895 782 932 urbes
796 904 905 945 atque
920 896 1080 933 nationes
1093 896 1259 947 subigere
1275 896 1314 933 ‘2-

761 1015 802 1052 D

246 1091 416 1134 DABAR,
446 1088 708 1140 Massugradae
727 1089 835 1134 filius,
853 1089 947 1126 inter
967 1090 1157 1128 Bocchum
1175 1098 1214 1127 et
1235 1088 1319 1128 Sul-

297 1155 368 1192 lam
386 1156 633 1193 internuncius
657 1157 744 1195 170.

245 1220 493 1270 Damasippus
515 1219 635 1257 Sullae
650 1222 751 1271 jussu
766 1219 956 1270 jugulatus
976 1222 1041 1256 44.

245 1284 451 1323 Decretum
473 1284 511 1321 S.
534 1284 578 1321 Ρ.
600 1284 650 1333 Q.
675 1283 725 1321 R.
746 1284 791 1320 de
813 1283 964 1321 Boccho
989 1285 1075 1323 167.

767 1403 801 1440 E

247 1480 280 1516 E
288 1493 308 1516 ι,
316 1492 335 1516 E
345 1492 363 1516 r
373 1493 396 1516 H
404 1488 426 1517 Α
434 1493 454 1516 N
463 1487 487 1515 τ
495 1493 507 1515 ι
529 1478 772 1516 Numidarum
791 1485 949 1527 quatuor
967 1477 1080 1526 capti,
1099 1477 1316 1528 quadragin-

296 1551 335 1580 ta
353 1542 535 1579 interfecti
559 1545 644 1580 114.

247 1608 447 1645 Eumenem
467 1607 662 1644 Antiocho
681 1605 874 1656 prodidere
889 1605 1045 1642 Romani
1065 1608 1154 1644 210.

763 1726 794 1764 F

246 1804 408 1841 FAmus
433 1804 566 1854 Sanga,
587 1801 840 1853 Allobrogum
859 1812 1033 1851 patronus
1054 1804 1117 1839 33.

248 1868 374 1907 Fulvia
393 1868 678 1920 conjurationem
709 1881 753 1904 ex
785 1867 913 1911 Curio,
941 1870 1092 1917 quicum
1123 1881 1317 1905 consueve-

298 1940 367 1976 rat,
387 1932 571 1984 cognitam
590 1931 766 1982 patefacit
791 1934 850 1970 19.

247 1997 302 2039 Α.
326 1996 488 2041 Fulvius,
511 1997 682 2034 senatoris
701 1996 807 2040 filius,
834 2010 879 2033 ex
899 1996 1038 2040 itinere,
1058 1997 1157 2046 quod
1177 1997 1222 2033 ad
1246 1996 1318 2035 Ca-

298 2060 435 2097 tilinam
454 2061 672 2105 instituerat,
700 2069 890 2105 retractuS,
910 2062 1012 2113 jussu
1033 2061 1189 2111 parentis
1209 2061 1317 2098 inter-

300 2124 421 2166 ficitur
441 2128 503 2169 311,
525 2127 586 2162 32.
