<?xml version="1.0" encoding="UTF-8"?>
<!DOCTYPE html PUBLIC "-//W3C//DTD XHTML 1.0 Transitional//EN"
    "http://www.w3.org/TR/xhtml1/DTD/xhtml1-transitional.dtd">
<html xmlns="http://www.w3.org/1999/xhtml" xml:lang="en" lang="en">
 <head>
  <title>
</title>
<meta http-equiv="Content-Type" content="text/html;charset=utf-8" />
  <meta name='ocr-system' content='tesseract 3.04.00' />
  <meta name='ocr-capabilities' content='ocr_page ocr_carea ocr_par ocr_line ocrx_word'/>
</head>
<body>
  <div class='ocr_page' id='page_1' title='image "./quaesupersuntope00salluoft_0177.png"; bbox 0 0 1451 2719; ppageno 0'>
   <div class='ocr_carea' id='block_1_1' title="bbox 354 320 1230 361">
    <p class='ocr_par' dir='ltr' id='par_1_1' title="bbox 354 320 1230 361">
     <span class='ocr_line' id='line_1_1' title="bbox 354 320 1230 361; baseline -0.001 -1"><span class='ocrx_word' id='word_1_1' title='bbox 354 320 670 361; x_wconf 84' lang='lat' dir='ltr'>SALLUSTII</span> <span class='ocrx_word' id='word_1_2' title='bbox 700 320 1040 360; x_wconf 84' lang='lat' dir='ltr'><strong>JUGURTHA.</strong></span> <span class='ocrx_word' id='word_1_3' title='bbox 1157 324 1230 359; x_wconf 79' lang='lat'><strong>165</strong></span> 
     </span>
    </p>
   </div>
   <div class='ocr_carea' id='block_1_2' title="bbox 157 432 1241 1768">
    <p class='ocr_par' dir='ltr' id='par_1_2' title="bbox 157 432 1241 1768">
     <span class='ocr_line' id='line_1_2' title="bbox 157 432 1231 482; baseline -0.003 -10"><span class='ocrx_word' id='word_1_4' title='bbox 157 433 331 476; x_wconf 75' lang='lat' dir='ltr'><strong>omnium,</strong></span> <span class='ocrx_word' id='word_1_5' title='bbox 359 433 456 469; x_wconf 83' lang='lat' dir='ltr'><strong>satis.</strong></span> <span class='ocrx_word' id='word_1_6' title='bbox 514 433 647 482; x_wconf 83' lang='lat' dir='ltr'>Atque</span> <span class='ocrx_word' id='word_1_7' title='bbox 667 433 737 470; x_wconf 89' lang='lat' dir='ltr'><strong>hoc</strong></span> <span class='ocrx_word' id='word_1_8' title='bbox 759 433 894 469; x_wconf 85' lang='lat' dir='ltr'><strong>utinam</strong></span> <span class='ocrx_word' id='word_1_9' title='bbox 920 447 940 469; x_wconf 93' lang='lat' dir='ltr'><strong>a</strong></span> <span class='ocrx_word' id='word_1_10' title='bbox 968 432 1143 482; x_wconf 82' lang='lat' dir='ltr'><strong>principio</strong></span> <span class='ocrx_word' id='word_1_11' title='bbox 1164 432 1231 469; x_wconf 90' lang='lat' dir='ltr'><strong>tibi</strong></span> 
     </span>
     <span class='ocr_line' id='line_1_3' title="bbox 158 496 1234 549; baseline -0.002 -15"><span class='ocrx_word' id='word_1_12' title='bbox 158 496 353 549; x_wconf 84' lang='lat' dir='ltr'>placuisset</span> <span class='ocrx_word' id='word_1_13' title='bbox 369 499 377 534; x_wconf 75' lang='grc' dir='ltr'><strong>Ξ</strong></span> <span class='ocrx_word' id='word_1_14' title='bbox 402 496 569 546; x_wconf 88' lang='lat' dir='ltr'><strong>profecto</strong></span> <span class='ocrx_word' id='word_1_15' title='bbox 589 512 632 534; x_wconf 82' lang='lat' dir='ltr'><strong>ex</strong></span> <span class='ocrx_word' id='word_1_16' title='bbox 654 497 791 547; x_wconf 88' lang='lat' dir='ltr'><strong>populo</strong></span> <span class='ocrx_word' id='word_1_17' title='bbox 810 497 976 534; x_wconf 83' lang='lat' dir='ltr'><strong>Romano</strong></span> <span class='ocrx_word' id='word_1_18' title='bbox 993 496 1037 533; x_wconf 89' lang='lat' dir='ltr'><strong>ad</strong></span> <span class='ocrx_word' id='word_1_19' title='bbox 1057 497 1126 532; x_wconf 86' lang='lat' dir='ltr'><strong>hoc</strong></span> <span class='ocrx_word' id='word_1_20' title='bbox 1142 505 1234 532; x_wconf 87' lang='lat' dir='ltr'><strong>tem·</strong></span> 
     </span>
     <span class='ocr_line' id='line_1_4' title="bbox 159 560 1234 612; baseline 0 -14"><span class='ocrx_word' id='word_1_21' title='bbox 159 575 228 611; x_wconf 88' lang='lat' dir='ltr'><strong>pus</strong></span> <span class='ocrx_word' id='word_1_22' title='bbox 247 561 362 598; x_wconf 88' lang='lat' dir='ltr'><strong>multo</strong></span> <span class='ocrx_word' id='word_1_23' title='bbox 383 560 486 610; x_wconf 85' lang='lat' dir='ltr'><strong>plura</strong></span> <span class='ocrx_word' id='word_1_24' title='bbox 505 562 600 598; x_wconf 86' lang='lat' dir='ltr'><strong>bona</strong></span> <span class='ocrx_word' id='word_1_25' title='bbox 619 563 829 611; x_wconf 80' lang='lat' dir='ltr'><strong>accepisses,</strong></span> <span class='ocrx_word' id='word_1_26' title='bbox 851 575 958 612; x_wconf 87' lang='lat' dir='ltr'><strong>quam</strong></span> <span class='ocrx_word' id='word_1_27' title='bbox 977 560 1068 597; x_wconf 90' lang='lat' dir='ltr'><strong>mala</strong></span> <span class='ocrx_word' id='word_1_28' title='bbox 1088 575 1234 610; x_wconf 83' lang='lat' dir='ltr'><strong>perpes-</strong></span> 
     </span>
     <span class='ocr_line' id='line_1_5' title="bbox 159 624 1234 679; baseline -0.002 -17"><span class='ocrx_word' id='word_1_29' title='bbox 159 638 219 662; x_wconf 79' lang='lat' dir='ltr'><strong>sus</strong></span> <span class='ocrx_word' id='word_1_30' title='bbox 236 639 343 662; x_wconf 73' lang='lat' dir='ltr'><strong>esses,</strong></span> <span class='ocrx_word' id='word_1_31' title='bbox 385 625 472 669; x_wconf 78' lang='lat' dir='ltr'><strong>Sed,</strong></span> <span class='ocrx_word' id='word_1_32' title='bbox 493 626 661 675; x_wconf 83' lang='lat' dir='ltr'><strong>quoniam</strong></span> <span class='ocrx_word' id='word_1_33' title='bbox 681 626 917 679; x_wconf 14' lang='lat' dir='ltr'><strong>*humanarum</strong></span> <span class='ocrx_word' id='word_1_34' title='bbox 933 638 1050 662; x_wconf 84' lang='lat' dir='ltr'><strong>rerum</strong></span> <span class='ocrx_word' id='word_1_35' title='bbox 1072 624 1234 661; x_wconf 77' lang='lat' dir='ltr'>Fortuna</span> 
     </span>
     <span class='ocr_line' id='line_1_6' title="bbox 159 687 1234 740; baseline -0.001 -14"><span class='ocrx_word' id='word_1_36' title='bbox 159 689 329 740; x_wconf 83' lang='lat' dir='ltr'>pleraque</span> <span class='ocrx_word' id='word_1_37' title='bbox 345 689 452 740; x_wconf 83' lang='lat' dir='ltr'><strong>regit,</strong></span> <span class='ocrx_word' id='word_1_38' title='bbox 465 690 522 727; x_wconf 81' lang='lat' dir='ltr'><strong>cui</strong></span> <span class='ocrx_word' id='word_1_39' title='bbox 539 689 675 727; x_wconf 82' lang='lat' dir='ltr'><strong>scilicet</strong></span> <span class='ocrx_word' id='word_1_40' title='bbox 696 689 871 739; x_wconf 81' lang='lat' dir='ltr'><strong>placuisse</strong></span> <span class='ocrx_word' id='word_1_41' title='bbox 886 701 923 726; x_wconf 89' lang='lat' dir='ltr'><strong>et</strong></span> <span class='ocrx_word' id='word_1_42' title='bbox 941 689 1011 725; x_wconf 85' lang='lat' dir='ltr'><strong>vim</strong></span> <span class='ocrx_word' id='word_1_43' title='bbox 1026 697 1063 725; x_wconf 89' lang='lat' dir='ltr'><strong>et</strong></span> <span class='ocrx_word' id='word_1_44' title='bbox 1079 687 1234 739; x_wconf 79' lang='lat' dir='ltr'>gratiam</span> 
     </span>
     <span class='ocr_line' id='line_1_7' title="bbox 160 751 1235 804; baseline -0.002 -14"><span class='ocrx_word' id='word_1_45' title='bbox 160 764 319 790; x_wconf 84' lang='lat' dir='ltr'><strong>nostram</strong></span> <span class='ocrx_word' id='word_1_46' title='bbox 338 754 489 803; x_wconf 84' lang='lat' dir='ltr'><strong>experiri</strong></span> <span class='ocrx_word' id='word_1_47' title='bbox 509 770 518 798; x_wconf 90' lang='grc'><strong>;</strong></span> <span class='ocrx_word' id='word_1_48' title='bbox 549 769 656 797; x_wconf 89' lang='lat' dir='ltr'><strong>nuuc,</strong></span> <span class='ocrx_word' id='word_1_49' title='bbox 676 754 821 804; x_wconf 86' lang='lat' dir='ltr'><strong>quaudo</strong></span> <span class='ocrx_word' id='word_1_50' title='bbox 842 767 906 803; x_wconf 88' lang='lat' dir='ltr'><strong>per</strong></span> <span class='ocrx_word' id='word_1_51' title='bbox 924 752 1020 789; x_wconf 86' lang='lat' dir='ltr'><strong>illam</strong></span> <span class='ocrx_word' id='word_1_52' title='bbox 1039 752 1139 795; x_wconf 85' lang='lat' dir='ltr'><strong>lieet,</strong></span> <span class='ocrx_word' id='word_1_53' title='bbox 1167 751 1235 788; x_wconf 88' lang='lat' dir='ltr'><strong>fes-</strong></span> 
     </span>
     <span class='ocr_line' id='line_1_8' title="bbox 158 816 1236 869; baseline -0.002 -15"><span class='ocrx_word' id='word_1_54' title='bbox 158 817 248 860; x_wconf 84' lang='lat' dir='ltr'><strong>tina,</strong></span> <span class='ocrx_word' id='word_1_55' title='bbox 278 827 401 867; x_wconf 89' lang='lat' dir='ltr'><strong>atque,</strong></span> <span class='ocrx_word' id='word_1_56' title='bbox 433 827 472 854; x_wconf 87' lang='lat' dir='ltr'><strong>ut</strong></span> <span class='ocrx_word' id='word_1_57' title='bbox 493 819 659 868; x_wconf 86' lang='lat' dir='ltr'><strong>coepisti,</strong></span> <span class='ocrx_word' id='word_1_58' title='bbox 689 831 813 869; x_wconf 82' lang='lat' dir='ltr'><strong>perge.</strong></span> <span class='ocrx_word' id='word_1_59' title='bbox 885 816 1008 854; x_wconf 89' lang='lat' dir='ltr'><strong>Multa</strong></span> <span class='ocrx_word' id='word_1_60' title='bbox 1030 826 1139 866; x_wconf 86' lang='lat' dir='ltr'><strong>atque</strong></span> <span class='ocrx_word' id='word_1_61' title='bbox 1170 829 1236 865; x_wconf 89' lang='lat' dir='ltr'><strong>op-</strong></span> 
     </span>
     <span class='ocr_line' id='line_1_9' title="bbox 159 881 1234 932; baseline 0.002 -15"><span class='ocrx_word' id='word_1_62' title='bbox 159 892 315 931; x_wconf 87' lang='lat' dir='ltr'><strong>portuna</strong></span> <span class='ocrx_word' id='word_1_63' title='bbox 346 882 470 926; x_wconf 85' lang='lat' dir='ltr'><strong>habes,</strong></span> <span class='ocrx_word' id='word_1_64' title='bbox 500 897 573 932; x_wconf 92' lang='lat' dir='ltr'><strong>quo</strong></span> <span class='ocrx_word' id='word_1_65' title='bbox 602 882 743 920; x_wconf 84' lang='lat' dir='ltr'><strong>facilius</strong></span> <span class='ocrx_word' id='word_1_66' title='bbox 771 892 885 919; x_wconf 84' lang='lat' dir='ltr'><strong>errata</strong></span> <span class='ocrx_word' id='word_1_67' title='bbox 916 881 1044 919; x_wconf 90' lang='lat' dir='ltr'><strong>officiis</strong></span> <span class='ocrx_word' id='word_1_68' title='bbox 1073 895 1234 931; x_wconf 79' lang='lat' dir='ltr'><strong>superes.</strong></span> 
     </span>
     <span class='ocr_line' id='line_1_10' title="bbox 162 946 1236 996; baseline -0.001 -13"><span class='ocrx_word' id='word_1_69' title='bbox 162 947 353 984; x_wconf 88' lang='lat' dir='ltr'><strong>Postremo</strong></span> <span class='ocrx_word' id='word_1_70' title='bbox 387 948 458 984; x_wconf 91' lang='lat' dir='ltr'><strong>hoc</strong></span> <span class='ocrx_word' id='word_1_71' title='bbox 491 947 524 984; x_wconf 87' lang='lat' dir='ltr'><strong>iu</strong></span> <span class='ocrx_word' id='word_1_72' title='bbox 559 958 686 996; x_wconf 83' lang='lat' dir='ltr'><strong>pectus</strong></span> <span class='ocrx_word' id='word_1_73' title='bbox 720 957 823 984; x_wconf 87' lang='lat' dir='ltr'><strong>tuum</strong></span> <span class='ocrx_word' id='word_1_74' title='bbox 855 946 1020 990; x_wconf 84' lang='lat' dir='ltr'><strong>demitte,</strong></span> <span class='ocrx_word' id='word_1_75' title='bbox 1053 959 1236 995; x_wconf 87' lang='lat' dir='ltr'><strong>nunquam</strong></span> 
     </span>
     <span class='ocr_line' id='line_1_11' title="bbox 159 999 1238 1062; baseline -0.002 -14"><span class='ocrx_word' id='word_1_76' title='bbox 159 1011 338 1062; x_wconf 88' lang='lat' dir='ltr'><strong>populum</strong></span> <span class='ocrx_word' id='word_1_77' title='bbox 372 1011 575 1049; x_wconf 73' lang='lat' dir='ltr'><strong>Romanum</strong></span> <span class='ocrx_word' id='word_1_78' title='bbox 607 999 788 1048; x_wconf 84' lang='lat' dir='ltr'><strong>benefieiis</strong></span> <span class='ocrx_word' id='word_1_79' title='bbox 819 1011 953 1047; x_wconf 92' lang='lat' dir='ltr'><strong>victum</strong></span> <span class='ocrx_word' id='word_1_80' title='bbox 972 1025 980 1047; x_wconf 89' lang='lat'>:</span> <span class='ocrx_word' id='word_1_81' title='bbox 1012 1024 1106 1054; x_wconf 87' lang='lat' dir='ltr'><strong>nam,</strong></span> <span class='ocrx_word' id='word_1_82' title='bbox 1141 1009 1238 1046; x_wconf 88' lang='lat' dir='ltr'><strong>bello</strong></span> 
     </span>
     <span class='ocr_line' id='line_1_12' title="bbox 160 1074 1239 1124; baseline 0 -12"><span class='ocrx_word' id='word_1_83' title='bbox 160 1075 251 1124; x_wconf 91' lang='lat' dir='ltr'><strong>quid</strong></span> <span class='ocrx_word' id='word_1_84' title='bbox 271 1075 398 1119; x_wconf 86' lang='lat' dir='ltr'><strong>valeat,</strong></span> <span class='ocrx_word' id='word_1_85' title='bbox 427 1085 507 1112; x_wconf 86' lang='lat' dir='ltr'><strong>tute</strong></span> <span class='ocrx_word' id='word_1_86' title='bbox 527 1076 639 1112; x_wconf 86' lang='lat' dir='ltr'><strong>scis.&#39;’</strong></span> <span class='ocrx_word' id='word_1_87' title='bbox 694 1076 765 1113; x_wconf 85' lang='lat' dir='ltr'><strong>Ad</strong></span> <span class='ocrx_word' id='word_1_88' title='bbox 783 1089 824 1112; x_wconf 89' lang='lat' dir='ltr'><strong>ea</strong></span> <span class='ocrx_word' id='word_1_89' title='bbox 852 1075 1022 1113; x_wconf 86' lang='lat' dir='ltr'><strong>Bocchus</strong></span> <span class='ocrx_word' id='word_1_90' title='bbox 1042 1074 1181 1124; x_wconf 81' lang='lat' dir='ltr'><strong>placide</strong></span> <span class='ocrx_word' id='word_1_91' title='bbox 1200 1085 1239 1112; x_wconf 87' lang='lat' dir='ltr'><strong>et</strong></span> 
     </span>
     <span class='ocr_line' id='line_1_13' title="bbox 160 1138 1239 1190; baseline 0 -15"><span class='ocrx_word' id='word_1_92' title='bbox 160 1139 337 1190; x_wconf 70' lang='lat' dir='ltr'><strong>benig-1e3</strong></span> <span class='ocrx_word' id='word_1_93' title='bbox 367 1139 470 1176; x_wconf 89' lang='lat' dir='ltr'><strong>simul</strong></span> <span class='ocrx_word' id='word_1_94' title='bbox 490 1153 604 1188; x_wconf 89' lang='lat' dir='ltr'><strong>pauca</strong></span> <span class='ocrx_word' id='word_1_95' title='bbox 623 1153 689 1188; x_wconf 89' lang='lat' dir='ltr'><strong>pro</strong></span> <span class='ocrx_word' id='word_1_96' title='bbox 705 1139 838 1176; x_wconf 77' lang='lat' dir='ltr'><strong>delicto</strong></span> <span class='ocrx_word' id='word_1_97' title='bbox 855 1141 960 1176; x_wconf 87' lang='lat' dir='ltr'><strong>verba</strong></span> <span class='ocrx_word' id='word_1_98' title='bbox 981 1138 1067 1176; x_wconf 87' lang='lat' dir='ltr'><strong>facit</strong></span> <span class='ocrx_word' id='word_1_99' title='bbox 1085 1154 1094 1175; x_wconf 74' lang='grc' dir='ltr'><em>τ</em></span> <span class='ocrx_word' id='word_1_100' title='bbox 1117 1153 1151 1176; x_wconf 88' lang='lat' dir='ltr'><strong>se</strong></span> <span class='ocrx_word' id='word_1_101' title='bbox 1168 1153 1239 1176; x_wconf 73' lang='lat' dir='ltr'><strong>nor.</strong></span> 
     </span>
     <span class='ocr_line' id='line_1_14' title="bbox 161 1203 1238 1254; baseline 0 -14"><span class='ocrx_word' id='word_1_102' title='bbox 161 1203 286 1241; x_wconf 84' lang='lat' dir='ltr'><strong>hostili</strong></span> <span class='ocrx_word' id='word_1_103' title='bbox 313 1204 444 1247; x_wconf 85' lang='lat' dir='ltr'><strong>animo,</strong></span> <span class='ocrx_word' id='word_1_104' title='bbox 473 1204 535 1240; x_wconf 90' lang='lat' dir='ltr'><strong>sed</strong></span> <span class='ocrx_word' id='word_1_105' title='bbox 566 1217 718 1254; x_wconf 87' lang='lat' dir='ltr'><strong>regnum</strong></span> <span class='ocrx_word' id='word_1_106' title='bbox 746 1212 921 1247; x_wconf 82' lang='lat' dir='ltr'><strong>tutatum,</strong></span> <span class='ocrx_word' id='word_1_107' title='bbox 951 1217 1047 1239; x_wconf 83' lang='lat' dir='ltr'><strong>arma</strong></span> <span class='ocrx_word' id='word_1_108' title='bbox 1074 1203 1238 1252; x_wconf 88' lang='lat' dir='ltr'><strong>cepisse;</strong></span> 
     </span>
     <span class='ocr_line' id='line_1_15' title="bbox 162 1267 1240 1318; baseline -0.002 -13"><span class='ocrx_word' id='word_1_109' title='bbox 162 1282 243 1305; x_wconf 88' lang='lat' dir='ltr'><strong>nam</strong></span> <span class='ocrx_word' id='word_1_110' title='bbox 263 1267 456 1306; x_wconf 80' lang='lat' dir='ltr'><strong>Numidiae</strong></span> <span class='ocrx_word' id='word_1_111' title='bbox 472 1276 626 1317; x_wconf 84' lang='lat' dir='ltr'><strong>partem,</strong></span> <span class='ocrx_word' id='word_1_112' title='bbox 642 1267 737 1304; x_wconf 87' lang='lat' dir='ltr'><strong>unde</strong></span> <span class='ocrx_word' id='word_1_113' title='bbox 752 1268 784 1303; x_wconf 94' lang='lat' dir='ltr'><strong>vi</strong></span> <span class='ocrx_word' id='word_1_114' title='bbox 801 1268 822 1305; x_wconf 88' lang='lat' dir='ltr'>J</span> <span class='ocrx_word' id='word_1_115' title='bbox 827 1267 1023 1318; x_wconf 85' lang='lat' dir='ltr'><strong>ugurtham</strong></span> <span class='ocrx_word' id='word_1_116' title='bbox 1037 1267 1240 1317; x_wconf 77' lang='lat' dir='ltr'><strong>expulerat,</strong></span> 
     </span>
     <span class='ocr_line' id='line_1_16' title="bbox 158 1331 1241 1385; baseline -0.001 -16"><span class='ocrx_word' id='word_1_117' title='bbox 158 1335 239 1385; x_wconf 90' lang='lat' dir='ltr'><strong>jure</strong></span> <span class='ocrx_word' id='word_1_118' title='bbox 259 1331 343 1369; x_wconf 87' lang='lat' dir='ltr'><strong>belli</strong></span> <span class='ocrx_word' id='word_1_119' title='bbox 359 1345 459 1369; x_wconf 88' lang='lat' dir='ltr'><strong>suam</strong></span> <span class='ocrx_word' id='word_1_120' title='bbox 474 1331 624 1375; x_wconf 84' lang='lat' dir='ltr'><strong>factam,</strong></span> <span class='ocrx_word' id='word_1_121' title='bbox 643 1345 722 1368; x_wconf 87' lang='lat' dir='ltr'><strong>eam</strong></span> <span class='ocrx_word' id='word_1_122' title='bbox 737 1332 866 1369; x_wconf 83' lang='lat' dir='ltr'><strong>vastari</strong></span> <span class='ocrx_word' id='word_1_123' title='bbox 881 1332 926 1368; x_wconf 89' lang='lat' dir='ltr'><strong>ab</strong></span> <span class='ocrx_word' id='word_1_124' title='bbox 947 1331 1068 1369; x_wconf 88' lang='lat' dir='ltr'><strong>Mario</strong></span> <span class='ocrx_word' id='word_1_125' title='bbox 1089 1332 1164 1382; x_wconf 85' lang='lat' dir='ltr'><strong>pati</strong></span> <span class='ocrx_word' id='word_1_126' title='bbox 1181 1347 1241 1369; x_wconf 89' lang='lat' dir='ltr'><strong>ne-</strong></span> 
     </span>
     <span class='ocr_line' id='line_1_17' title="bbox 163 1395 1241 1447; baseline 0 -15"><span class='ocrx_word' id='word_1_127' title='bbox 163 1396 317 1446; x_wconf 88' lang='lat' dir='ltr'><strong>quivisse</strong></span> <span class='ocrx_word' id='word_1_128' title='bbox 333 1410 342 1431; x_wconf 87' lang='lat'><strong>:</strong></span> <span class='ocrx_word' id='word_1_129' title='bbox 373 1405 570 1446; x_wconf 86' lang='lat' dir='ltr'><strong>praeterea,</strong></span> <span class='ocrx_word' id='word_1_130' title='bbox 589 1396 702 1433; x_wconf 86' lang='lat' dir='ltr'><strong>missis</strong></span> <span class='ocrx_word' id='word_1_131' title='bbox 721 1404 825 1432; x_wconf 85' lang='lat' dir='ltr'><strong>autea</strong></span> <span class='ocrx_word' id='word_1_132' title='bbox 848 1396 1004 1433; x_wconf 87' lang='lat' dir='ltr'>Romam</span> <span class='ocrx_word' id='word_1_133' title='bbox 1023 1395 1166 1447; x_wconf 85' lang='lat' dir='ltr'><strong>legatis,</strong></span> <span class='ocrx_word' id='word_1_134' title='bbox 1186 1411 1241 1433; x_wconf 90' lang='lat' dir='ltr'><strong>re-</strong></span> 
     </span>
     <span class='ocr_line' id='line_1_18' title="bbox 163 1459 1240 1509; baseline 0.001 -13"><span class='ocrx_word' id='word_1_135' title='bbox 163 1459 308 1509; x_wconf 84' lang='lat' dir='ltr'><strong>pulsum</strong></span> <span class='ocrx_word' id='word_1_136' title='bbox 320 1460 364 1497; x_wconf 87' lang='lat' dir='ltr'><strong>ab</strong></span> <span class='ocrx_word' id='word_1_137' title='bbox 378 1459 545 1497; x_wconf 82' lang='lat' dir='ltr'><strong>amicitia.</strong></span> <span class='ocrx_word' id='word_1_138' title='bbox 581 1460 755 1497; x_wconf 84' lang='lat' dir='ltr'><strong>Ceterum</strong></span> <span class='ocrx_word' id='word_1_139' title='bbox 769 1469 888 1496; x_wconf 88' lang='lat' dir='ltr'><strong>vetera</strong></span> <span class='ocrx_word' id='word_1_140' title='bbox 900 1460 1080 1504; x_wconf 87' lang='lat' dir='ltr'><strong>omittere,</strong></span> <span class='ocrx_word' id='word_1_141' title='bbox 1093 1474 1134 1497; x_wconf 88' lang='lat' dir='ltr'><strong>ac</strong></span> <span class='ocrx_word' id='word_1_142' title='bbox 1147 1469 1240 1505; x_wconf 89' lang='lat' dir='ltr'><strong>tum,</strong></span> 
     </span>
     <span class='ocr_line' id='line_1_19' title="bbox 164 1524 1236 1575; baseline 0.003 -14"><span class='ocrx_word' id='word_1_143' title='bbox 164 1526 192 1561; x_wconf 88' lang='lat' dir='ltr'><strong>si</strong></span> <span class='ocrx_word' id='word_1_144' title='bbox 212 1539 276 1574; x_wconf 90' lang='lat' dir='ltr'><strong>per</strong></span> <span class='ocrx_word' id='word_1_145' title='bbox 291 1524 449 1562; x_wconf 81' lang='lat' dir='ltr'><strong>Marium</strong></span> <span class='ocrx_word' id='word_1_146' title='bbox 468 1524 606 1567; x_wconf 90' lang='lat' dir='ltr'><strong>liceret,</strong></span> <span class='ocrx_word' id='word_1_147' title='bbox 626 1524 767 1575; x_wconf 87' lang='lat' dir='ltr'><strong>legatos</strong></span> <span class='ocrx_word' id='word_1_148' title='bbox 787 1525 832 1560; x_wconf 87' lang='lat' dir='ltr'><strong>ad</strong></span> <span class='ocrx_word' id='word_1_149' title='bbox 853 1533 1015 1561; x_wconf 86' lang='lat' dir='ltr'><strong>senatum</strong></span> <span class='ocrx_word' id='word_1_150' title='bbox 1034 1524 1236 1564; x_wconf 79' lang='lat' dir='ltr'><strong>missurum.</strong></span> 
     </span>
     <span class='ocr_line' id='line_1_20' title="bbox 165 1588 1240 1639; baseline 0 -12"><span class='ocrx_word' id='word_1_151' title='bbox 165 1589 279 1633; x_wconf 88' lang='lat' dir='ltr'><strong>Dein,</strong></span> <span class='ocrx_word' id='word_1_152' title='bbox 309 1589 415 1639; x_wconf 91' lang='lat' dir='ltr'><strong>copia</strong></span> <span class='ocrx_word' id='word_1_153' title='bbox 434 1588 545 1632; x_wconf 88' lang='lat' dir='ltr'><strong>facta,</strong></span> <span class='ocrx_word' id='word_1_154' title='bbox 576 1589 714 1625; x_wconf 85' lang='lat' dir='ltr'><strong>animus</strong></span> <span class='ocrx_word' id='word_1_155' title='bbox 733 1589 874 1625; x_wconf 80' lang='lat' dir='ltr'><strong>barbari</strong></span> <span class='ocrx_word' id='word_1_156' title='bbox 894 1590 938 1626; x_wconf 87' lang='lat' dir='ltr'><strong>ab</strong></span> <span class='ocrx_word' id='word_1_157' title='bbox 959 1590 1081 1627; x_wconf 88' lang='lat' dir='ltr'><strong>amicis</strong></span> <span class='ocrx_word' id='word_1_158' title='bbox 1113 1590 1240 1634; x_wconf 82' lang='lat' dir='ltr'><strong>flexus,</strong></span> 
     </span>
     <span class='ocr_line' id='line_1_21' title="bbox 165 1653 1238 1705; baseline 0.001 -14"><span class='ocrx_word' id='word_1_159' title='bbox 165 1668 257 1704; x_wconf 91' lang='lat' dir='ltr'><strong>quos</strong></span> <span class='ocrx_word' id='word_1_160' title='bbox 275 1654 474 1705; x_wconf 83' lang='lat' dir='ltr'><strong>Jugurtha,</strong></span> <span class='ocrx_word' id='word_1_161' title='bbox 505 1653 652 1704; x_wconf 86' lang='lat' dir='ltr'><strong>cognita</strong></span> <span class='ocrx_word' id='word_1_162' title='bbox 673 1653 854 1704; x_wconf 88' lang='lat' dir='ltr'><strong>legatione</strong></span> <span class='ocrx_word' id='word_1_163' title='bbox 886 1653 1007 1691; x_wconf 87' lang='lat' dir='ltr'><strong>Sullae</strong></span> <span class='ocrx_word' id='word_1_164' title='bbox 1027 1665 1063 1692; x_wconf 86' lang='lat' dir='ltr'><strong>et</strong></span> <span class='ocrx_word' id='word_1_165' title='bbox 1094 1655 1238 1701; x_wconf 83' lang='lat' dir='ltr'><strong>Manlii,</strong></span> 
     </span>
     <span class='ocr_line' id='line_1_22' title="bbox 165 1717 1100 1768; baseline 0.001 -13"><span class='ocrx_word' id='word_1_166' title='bbox 165 1727 327 1755; x_wconf 87' lang='lat' dir='ltr'><strong>metuens</strong></span> <span class='ocrx_word' id='word_1_167' title='bbox 346 1717 384 1754; x_wconf 89' lang='lat' dir='ltr'><strong>id</strong></span> <span class='ocrx_word' id='word_1_168' title='bbox 403 1718 503 1767; x_wconf 91' lang='lat' dir='ltr'><strong>quod</strong></span> <span class='ocrx_word' id='word_1_169' title='bbox 522 1717 733 1767; x_wconf 81' lang='lat' dir='ltr'><strong>parabatur,</strong></span> <span class='ocrx_word' id='word_1_170' title='bbox 753 1717 856 1754; x_wconf 88' lang='lat' dir='ltr'><strong>donis</strong></span> <span class='ocrx_word' id='word_1_171' title='bbox 875 1727 1100 1768; x_wconf 81' lang='lat' dir='ltr'><strong>corruperat.</strong></span> 
     </span>
    </p>
   </div>
   <div class='ocr_carea' id='block_1_3' title="bbox 167 1845 1243 2219">
    <p class='ocr_par' dir='ltr' id='par_1_3' title="bbox 167 1845 1243 2219">
     <span class='ocr_line' id='line_1_23' title="bbox 221 1845 1243 1890; baseline 0.001 -6"><span class='ocrx_word' id='word_1_172' title='bbox 221 1845 340 1884; x_wconf 91' lang='lat' dir='ltr'>CIII.</span> <span class='ocrx_word' id='word_1_173' title='bbox 372 1845 548 1883; x_wconf 67' lang='lat' dir='ltr'><strong>MAaius</strong></span> <span class='ocrx_word' id='word_1_174' title='bbox 571 1845 718 1890; x_wconf 87' lang='lat' dir='ltr'><strong>interea,</strong></span> <span class='ocrx_word' id='word_1_175' title='bbox 738 1847 901 1883; x_wconf 85' lang='lat' dir='ltr'><strong>exercitu</strong></span> <span class='ocrx_word' id='word_1_176' title='bbox 916 1847 950 1884; x_wconf 89' lang='lat' dir='ltr'><strong>in</strong></span> <span class='ocrx_word' id='word_1_177' title='bbox 966 1847 1123 1885; x_wconf 88' lang='lat' dir='ltr'><strong>hibernis</strong></span> <span class='ocrx_word' id='word_1_178' title='bbox 1142 1863 1243 1885; x_wconf 86' lang='lat' dir='ltr'><strong>com·</strong></span> 
     </span>
     <span class='ocr_line' id='line_1_24' title="bbox 168 1909 1241 1963; baseline 0.005 -18"><span class='ocrx_word' id='word_1_179' title='bbox 168 1910 305 1959; x_wconf 89' lang='lat' dir='ltr'><strong>posito,</strong></span> <span class='ocrx_word' id='word_1_180' title='bbox 334 1923 417 1946; x_wconf 90' lang='lat' dir='ltr'><strong>cum</strong></span> <span class='ocrx_word' id='word_1_181' title='bbox 437 1909 615 1959; x_wconf 85' lang='lat' dir='ltr'><strong>expeditis</strong></span> <span class='ocrx_word' id='word_1_182' title='bbox 635 1910 849 1947; x_wconf 85' lang='lat' dir='ltr'><strong>cohortibus</strong></span> <span class='ocrx_word' id='word_1_183' title='bbox 869 1922 905 1948; x_wconf 90' lang='lat' dir='ltr'><strong>et</strong></span> <span class='ocrx_word' id='word_1_184' title='bbox 934 1922 1037 1962; x_wconf 86' lang='lat' dir='ltr'><strong>parte</strong></span> <span class='ocrx_word' id='word_1_185' title='bbox 1057 1914 1241 1963; x_wconf 86' lang='lat' dir='ltr'><strong>equitatus</strong></span> 
     </span>
     <span class='ocr_line' id='line_1_25' title="bbox 167 1973 1240 2028; baseline 0.004 -18"><span class='ocrx_word' id='word_1_186' title='bbox 167 1974 412 2025; x_wconf 87' lang='lat' dir='ltr'><strong>proficiscitur</strong></span> <span class='ocrx_word' id='word_1_187' title='bbox 441 1974 475 2010; x_wconf 87' lang='lat' dir='ltr'><strong>in</strong></span> <span class='ocrx_word' id='word_1_188' title='bbox 506 1973 586 2010; x_wconf 84' lang='lat' dir='ltr'><strong>loca</strong></span> <span class='ocrx_word' id='word_1_189' title='bbox 616 1974 704 2018; x_wconf 80' lang='lat' dir='ltr'><strong>sola,</strong></span> <span class='ocrx_word' id='word_1_190' title='bbox 735 1976 921 2012; x_wconf 86' lang='lat' dir='ltr'><strong>obsessum</strong></span> <span class='ocrx_word' id='word_1_191' title='bbox 946 1977 1071 2013; x_wconf 78' lang='lat' dir='ltr'><strong>turrim</strong></span> <span class='ocrx_word' id='word_1_192' title='bbox 1091 1977 1240 2028; x_wconf 85' lang='lat' dir='ltr'><strong>regiam,</strong></span> 
     </span>
     <span class='ocr_line' id='line_1_26' title="bbox 167 2037 1238 2091; baseline 0.004 -16"><span class='ocrx_word' id='word_1_193' title='bbox 167 2052 242 2088; x_wconf 91' lang='lat' dir='ltr'><strong>quo</strong></span> <span class='ocrx_word' id='word_1_194' title='bbox 257 2039 279 2076; x_wconf 87' lang='lat' dir='ltr'>J</span> <span class='ocrx_word' id='word_1_195' title='bbox 283 2039 442 2090; x_wconf 80' lang='lat' dir='ltr'><strong>ugurtha</strong></span> <span class='ocrx_word' id='word_1_196' title='bbox 458 2037 630 2089; x_wconf 81' lang='lat' dir='ltr'><strong>perfugas</strong></span> <span class='ocrx_word' id='word_1_197' title='bbox 645 2039 759 2075; x_wconf 78' lang='lat' dir='ltr'><strong>omnis</strong></span> <span class='ocrx_word' id='word_1_198' title='bbox 775 2039 990 2088; x_wconf 80' lang='lat' dir='ltr'><strong>praesidium</strong></span> <span class='ocrx_word' id='word_1_199' title='bbox 1006 2041 1238 2091; x_wconf 85' lang='lat' dir='ltr'><strong>imposuerat.</strong></span> 
     </span>
     <span class='ocr_line' id='line_1_27' title="bbox 168 2101 1242 2155; baseline 0.002 -15"><span class='ocrx_word' id='word_1_200' title='bbox 168 2101 271 2140; x_wconf 91' lang='lat' dir='ltr'><strong>Tum</strong></span> <span class='ocrx_word' id='word_1_201' title='bbox 290 2116 410 2139; x_wconf 86' lang='lat' dir='ltr'><strong>rursus</strong></span> <span class='ocrx_word' id='word_1_202' title='bbox 433 2103 617 2145; x_wconf 84' lang='lat' dir='ltr'><strong>Bocchus,</strong></span> <span class='ocrx_word' id='word_1_203' title='bbox 638 2116 698 2139; x_wconf 90' lang='lat' dir='ltr'><strong>seu</strong></span> <span class='ocrx_word' id='word_1_204' title='bbox 719 2104 935 2152; x_wconf 86' lang='lat' dir='ltr'><strong>reputand0‚</strong></span> <span class='ocrx_word' id='word_1_205' title='bbox 956 2119 1046 2155; x_wconf 87' lang='lat' dir='ltr'><strong>quae</strong></span> <span class='ocrx_word' id='word_1_206' title='bbox 1067 2106 1131 2142; x_wconf 91' lang='lat' dir='ltr'><strong>sibi</strong></span> <span class='ocrx_word' id='word_1_207' title='bbox 1152 2107 1242 2142; x_wconf 80' lang='lat' dir='ltr'><strong>duo-</strong></span> 
     </span>
     <span class='ocr_line' id='line_1_28' title="bbox 167 2165 1239 2219; baseline 0.005 -17"><span class='ocrx_word' id='word_1_208' title='bbox 167 2165 236 2207; x_wconf 87' lang='lat' dir='ltr'><strong>bus</strong></span> <span class='ocrx_word' id='word_1_209' title='bbox 255 2166 400 2217; x_wconf 82' lang='lat' dir='ltr'><strong>proeliis</strong></span> <span class='ocrx_word' id='word_1_210' title='bbox 420 2176 603 2211; x_wconf 84' lang='lat' dir='ltr'><strong>venerant,</strong></span> <span class='ocrx_word' id='word_1_211' title='bbox 623 2180 686 2204; x_wconf 81' lang='lat' dir='ltr'><strong>seu</strong></span> <span class='ocrx_word' id='word_1_212' title='bbox 705 2167 910 2205; x_wconf 88' lang='lat' dir='ltr'><strong>admonitus</strong></span> <span class='ocrx_word' id='word_1_213' title='bbox 928 2169 973 2206; x_wconf 90' lang='lat' dir='ltr'><strong>ab</strong></span> <span class='ocrx_word' id='word_1_214' title='bbox 993 2170 1128 2213; x_wconf 87' lang='lat' dir='ltr'><strong>amicis,</strong></span> <span class='ocrx_word' id='word_1_215' title='bbox 1148 2184 1239 2219; x_wconf 79' lang='lat' dir='ltr'><strong>quos</strong></span> 
     </span>
    </p>
   </div>
  </div>
 </body>
</html>
