1451 2719
364 321 679 361 SALLUSTII
710 321 1051 362 JUGURTHA.
1167 325 1235 360 141

160 433 256 486 juria
284 447 362 478 sua,
387 434 668 479 excruciatum3
703 449 819 485 neque
838 444 913 471 tam
946 433 1050 470 anxie
1082 432 1240 470 laturum

166 497 290 542 fuisse,
319 498 347 535 si
366 498 510 535 ademta
529 499 714 548 provincia
733 499 805 543 alii,
833 512 939 548 quam
962 497 1095 541 Mario,
1121 497 1242 534 trade-

133 589 145 599 ,
167 570 278 599 retur.

221 691 471 729 LXXXIII.
491 693 668 736 on-rua,
682 705 727 728 eo
742 691 866 729 dolore
882 690 1090 740 impeditus,
1105 698 1142 726 et
1159 691 1242 739 quia

165 754 343 792 stultitiae
364 755 553 793 videbatur
572 755 721 793 alienam
742 769 814 792 rem
834 754 996 805 periculo
1017 768 1082 791 suo
1102 768 1242 798 curare,

166 818 308 870 legatos
327 820 373 856 ad
395 820 587 857 Bocchum
602 819 716 857 mittit
736 819 975 870 postulatum,
997 832 1038 855 ne
1054 818 1126 855 sine
1141 832 1244 855 caus-

166 896 205 920 sa
224 883 340 920 hostis
359 883 499 934 populo
523 884 691 921 Romano
712 884 813 921 fieret
831 899 840 920 ε
871 883 1002 920 habere
1030 896 1113 919 eum
1142 896 1245 934 mag-

165 961 248 984 nam
280 949 424 998 copiam
455 949 640 986 societatis
672 949 923 998 amicitiaeque
955 949 1243 999 conjungendae,

168 1026 262 1062 quae
282 1013 406 1062 potior
424 1013 520 1050 bello
540 1023 633 1050 esset
651 1029 661 1051 z
692 1027 911 1063 quamquam
932 1013 1063 1063 opibus
1083 1013 1245 1050 confide-

167 1086 237 1121 ret,
271 1091 341 1113 non
376 1077 506 1114 debere
540 1077 677 1115 incerta
705 1092 771 1127 pro
800 1078 907 1114 certis
937 1087 1076 1114 mutare
1095 1092 1104 1114 ε
1135 1091 1240 1115 omne

163 1139 299 1177 bellum
319 1141 410 1177 sumi
426 1139 545 1185 facile,
562 1150 723 1178 ceterum
740 1155 948 1192 aegerrume
964 1141 1124 1178 desinere
1138 1156 1147 1178 z
1171 1155 1242 1178 non

163 1203 199 1240 in
219 1203 380 1256 ejusdem
411 1214 594 1254 potestate
613 1205 755 1242 initium
776 1209 852 1257 ejus
870 1215 907 1243 et
928 1205 1036 1242 finem
1058 1220 1133 1243 esse
1152 1221 1160 1244 :
1192 1206 1245 1242 in-

165 1268 287 1318 cipere
307 1268 432 1313 cuivis‚
451 1269 560 1306 etiam
579 1270 725 1321 ignavo,
746 1269 852 1307 licere
869 1286 878 1316 3
908 1271 1055 1321 deponi,
1072 1285 1154 1308 cum
1171 1271 1244 1308 vic-

163 1341 262 1370 tores
282 1331 390 1370 velint
410 1348 419 1371 :
450 1333 602 1383 proinde
622 1334 689 1372 sibi
709 1348 897 1386 regnoque
926 1334 1146 1380 consuleret,
1174 1350 1243 1373 neu

166 1398 327 1435 florentis
355 1412 410 1436 res
440 1413 520 1436 suas
547 1413 631 1436 cum
655 1400 862 1451 Jugurthae
891 1399 1041 1450 perditis
1061 1401 1241 1437 misceret.

165 1462 236 1500 Ad
255 1475 297 1499 ea
315 1476 377 1500 rex
399 1463 484 1500 satis
503 1463 645 1513 placide
665 1464 773 1500 verba
792 1462 880 1500 facit
899 1479 908 1501 :
941 1478 1014 1501 sese
1034 1478 1161 1514 pacem
1181 1478 1245 1501 cu-

164 1541 265 1577 pere,
294 1527 357 1564 sed
378 1528 586 1579 Jugurthae
607 1527 834 1565 fortunarum
854 1528 1011 1565 misereri
1030 1543 1040 1573 ;
1071 1528 1098 1565 si
1118 1529 1244 1566 eadem

164 1591 215 1628 illi
235 1591 342 1642 copia
361 1592 477 1637 fieret,
496 1592 615 1629 omnia
635 1602 868 1630 conventura.
931 1593 1071 1630 Rursus
1091 1594 1244 1643 impera-

167 1666 228 1694 tor
257 1667 386 1695 contra
416 1657 602 1707 postulata
634 1658 774 1695 Bocchi
804 1658 955 1694 nuncios
989 1658 1102 1694 mittit
1127 1673 1135 1695 :
1184 1658 1243 1696 ille

166 1722 335 1772 probare,
364 1722 496 1772 partim
516 1723 684 1759 abnuere.
743 1722 802 1759 Eo
823 1722 932 1758 modo
952 1735 1059 1771 saepe
1078 1723 1123 1759 ab
1143 1731 1244 1759 utro-

165 1800 238 1836 que
253 1786 368 1823 missis
382 1787 608 1836 remissisque
625 1786 776 1829 nunciis,
796 1795 940 1836 tempus
962 1787 1170 1836 procedere,
1190 1795 1241 1832 et,

165 1863 211 1887 ex
233 1849 377 1887 Metelli
397 1849 597 1894 voluntate,
620 1849 756 1908 bellu-m
775 1850 953 1886 intactum
973 1850 1079 1887 trahi.

220 1980 461 2018 LXXXIV.
492 1980 564 2017 Ar
586 1979 740 2023 Marius,
762 1988 802 2016 ut
823 1992 931 2028 supra
950 1979 1120 2024 diximus,
1140 1966 1251 2030 cupi-.

164 2044 360 2081 entissuma
387 2045 492 2095 plebe
512 2044 639 2082 consul
660 2043 793 2087 factus,
822 2053 1017 2094 postquam
1036 2044 1068 2081 ei
1096 2045 1242 2094 provin-

165 2109 257 2146 ciam
288 2110 499 2148 Numidiam
530 2109 687 2159 populus
712 2109 835 2160 jussit,
863 2117 968 2145 antea
989 2110 1064 2160 jam
1084 2108 1237 2148 infestus

165 2173 361 2221 nobilitati,
380 2184 460 2213 tum
475 2189 558 2213 vero
578 2173 714 2211 multus
732 2182 843 2224 atque
863 2172 965 2210 ferox
985 2173 1139 2212 instare:
1171 2175 1240 2212 sin-
