1497 2689
264 313 338 349 162
457 308 771 348 SALLUSTII
801 307 1144 350 JUGURTHA.

258 423 405 466 adesse3
435 421 591 464 laudare,
612 421 795 471 increpare
815 422 993 459 merentis.
1067 422 1152 471 Ipse
1175 427 1334 457 armatus

257 487 504 536 intentusque,
526 485 612 522 item
634 485 763 522 milites
783 487 939 537 cogebat
958 502 968 531 3
999 499 1114 535 neque
1135 498 1251 528 secus,
1281 493 1337 521 at-

259 565 330 602 que
350 551 418 587 iter
437 549 569 592 facere,
590 558 708 586 castra
728 550 863 586 munire
882 565 892 593 ς
921 549 1133 586 excubitum
1153 548 1187 584 in
1207 557 1338 598 portas

261 614 423 653 cohortis
443 628 487 651 ex
507 613 725 664 legionibus,
747 627 812 662 pro
832 613 958 650 castris
977 614 1116 663 equites
1136 612 1340 650 auxiliarios

259 680 401 716 mittere
419 693 428 715 ε
461 686 641 727 praeterea
663 677 749 713 alios
771 691 878 726 super
897 675 1027 713 vallum
1046 678 1081 714 in
1102 677 1333 713 munimentis

260 743 393 786 locare,
415 742 553 792 vigilias
573 741 650 790 ipse
670 741 870 785 circumire,
900 755 971 777 non
993 741 1192 778 diffidentia
1211 739 1340 784 futuri,

259 821 353 857 quae
387 804 644 855 imperavisset,
679 818 787 854 quam
822 804 875 841 uti
909 804 1082 842 militibus
1115 814 1340 854 exaequatus

261 884 345 908 cum
383 870 600 919 imperatore
637 869 738 905 labos
777 868 979 906 volentibus
1011 877 1117 906 esset.
1176 869 1229 905 Et
1258 881 1342 905 sane

263 935 418 978 Marius,
448 934 509 970 illo
529 944 567 971 et
587 933 661 970 aliis
681 933 907 983 temporibus
926 932 1024 977 belli,
1053 933 1193 982 pudore
1212 931 1343 983 magis,

263 1013 370 1051 quam
401 999 509 1042 malo,
540 998 741 1035 exercitum
773 998 966 1035 coercebat
986 1012 998 1035 ι
1026 997 1126 1047 quod
1145 995 1249 1033 multi
1280 1009 1344 1045 per

264 1064 497 1103 ambitionem
518 1063 592 1100 fieri
613 1062 755 1099 aiebant
774 1078 784 1107 ς
806 1076 901 1112 pars,
922 1062 1021 1112 quod
1045 1076 1064 1098 a
1083 1061 1237 1111 pueritia
1256 1073 1350 1097 con-⁴

264 1139 402 1167 suetam
423 1128 606 1170 duritiam,
627 1135 663 1164 et
684 1126 764 1169 alia,
785 1139 876 1175 quae
897 1125 1007 1163 ceteri
1023 1125 1178 1162 miserias
1199 1132 1343 1167 vocant,

264 1192 445 1240 voluptati
465 1191 662 1228 habuisset.
722 1190 802 1228 Nisi
821 1199 940 1226 tamen
957 1203 1011 1226 res
1031 1188 1177 1238 publica
1196 1188 1345 1238 pariter,

265 1271 307 1296 ac
328 1256 546 1294 saevissumo
564 1254 730 1305 imperio,
750 1254 845 1291 bene·
861 1263 971 1305 atque
991 1253 1121 1291 decore
1140 1262 1256 1304 gesta.

321 1385 392 1424 CI.
424 1384 586 1422 Iovrua
619 1391 748 1432 quarto
776 1382 930 1432 denique
959 1382 1016 1419 die
1044 1382 1142 1419 haud
1169 1381 1278 1432 longe
1298 1381 1349 1419 ab

267 1450 406 1501 oppido
427 1449 531 1486 Cirta
551 1447 711 1496 undique
732 1446 836 1483 simul
856 1446 1100 1496 speculatores
1114 1447 1178 1484 citi
1194 1460 1269 1484 sese
1288 1460 1349 1483 os-

267 1515 424 1553 tendunt
440 1528 449 1551 z
473 1526 545 1562 qua
558 1526 594 1549 re
610 1510 725 1547 hostis
746 1510 868 1547 adesse
887 1510 1113 1561 intelligitur.
1160 1511 1246 1554 Sed,
1263 1510 1348 1561 quia

268 1578 401 1617 divorsi
432 1577 637 1619 redeuntes,
670 1574 759 1611 alius
787 1574 832 1611 ab
858 1574 925 1611 alia
949 1584 1065 1624 parte,
1094 1584 1204 1625 atque
1223 1589 1347 1613 omnes

268 1644 364 1682 idem
394 1640 646 1692 significabant
666 1654 676 1684 ;
705 1638 846 1682 consul,
874 1639 1033 1676 incertus
1053 1653 1211 1690 quonam
1234 1641 1347 1678 modo

270 1708 385 1747 aciem
403 1707 610 1747 instrueret,
631 1703 729 1740 nullo
749 1703 874 1740 ordine
894 1713 1133 1748 commutato,
1157 1705 1348 1742 advorsum

269 1773 390 1812 omnia
421 1779 583 1820 paratu-s,
614 1767 748 1804 ibidem
776 1767 976 1817 opperitur.
1037 1769 1098 1806 Ita
1122 1770 1347 1821 Jugurtham

272 1851 353 1887 spes
384 1835 571 1876 frustrata,
603 1831 664 1882 qui
694 1831 818 1881 copias
838 1831 871 1867 in
894 1841 1054 1881 quatuor
1081 1841 1202 1882 partes
1228 1832 1351 1870 distri-

271 1902 414 1940 buerat,
436 1906 534 1934 ratus
549 1910 594 1933 ex
610 1895 776 1931 omnibus
796 1908 909 1945 aeque
929 1895 1068 1946 aliquos
1083 1897 1128 1933 ab
1144 1906 1250 1948 tergo
1265 1896 1351 1934 hos-

269 1964 368 2001 tibus
388 1969 570 1998 venturos.
631 1959 782 1996 Interim
806 1958 920 2003 Sulla,
950 1973 1058 2010 quem
1077 1960 1234 2010 primum
1253 1960 1350 1998 adti-

272 2036 415 2080 gerant,
435 2025 651 2062 cohortatus
671 2037 767 2067 suos,
791 2023 978 2059 turmatim
997 2031 1034 2061 et
1055 2037 1164 2073 quam
1183 2035 1352 2060 maxume

273 2089 446 2130 confertis
466 2088 568 2138 equis
587 2088 662 2138 ipse
682 2087 812 2137 aliique
833 2086 986 2124 Mauros
1005 2087 1201 2126 invadunt:
1223 2087 1350 2131 ceteri,

270 2157 307 2195 in
337 2155 420 2194 loco
445 2162 645 2198 manentes,
674 2148 719 2190 ab
744 2150 874 2204 jaculis
903 2150 1041 2190 eminus
1066 2151 1201 2191 emissis
1218 2164 1350 2205 corpo-
