1497 2689
252 332 329 368 204
412 326 728 366 SALLUSTII
771 326 1160 368 FRAGMENTA.

253 454 346 478 anno
365 440 509 490 quantis
529 439 653 476 animis
672 439 753 476 ierit
771 442 807 476 in
828 440 878 479 L.
899 441 1130 491 Quinctium,
1159 439 1299 478 vidistis
1317 455 1331 477 ε

253 515 408 558 quantae
428 505 583 555 denique
603 518 697 541 nunc
719 504 805 541 mihi
820 506 949 542 turbae
965 505 1221 543 concitantur?
1242 518 1338 555 quae

254 570 424 621 profecto
443 570 622 607 incassum
641 577 848 620 agerentur,
869 570 910 614 si,
930 569 1029 619 prius
1049 583 1158 619 quarn
1177 582 1242 606 vos
1261 582 1337 606 ser-

257 634 379 672 viundi
399 634 519 678 finem,
540 633 590 670 illi
611 633 864 670 dominationis
879 632 1012 671 facturi
1029 643 1129 671 erant
1146 649 1156 671 :
1176 646 1337 685 praeser-

258 701 325 738 tim
344 714 427 737 cum
447 699 502 736 his
523 698 688 736 civilibus
708 698 812 735 armis
832 698 931 735 dicta
956 697 1036 743 alia,
1065 698 1128 735 sed
1156 706 1337 735 certatum

258 765 440 814 utrimque
455 763 500 800 de
515 762 758 800 dominatione
778 762 812 799 in
833 763 935 801 vobis
955 763 1013 801 sit.
1064 763 1198 813 Itaque
1217 771 1338 801 cetera

257 843 302 868 ex
322 828 481 871 licentia,
509 837 573 864 aut
591 827 690 872 odio,
710 836 774 864 aut
794 827 952 871 avaritia,
972 827 1008 865 in
1027 836 1172 877 tempus
1191 840 1306 865 arsere
1324 842 1334 865 z

259 893 456 944 permansit
475 906 546 929 una
565 906 619 929 res
639 893 764 937 modo,
783 906 877 942 quae
892 893 1074 943 utrimque
1089 892 1252 943 quaesita
1266 902 1338 937 est,

259 967 297 996 et
316 965 441 1006 erepta
459 957 494 993 in
514 966 726 1006 posterum3
756 956 807 994 vis
826 956 1034 1001 tribunicia,
1053 957 1168 995 telum
1188 970 1208 994 a
1227 958 1347 1009 majo-v

261 1022 359 1059 ribus
373 1020 535 1059 libertati
554 1029 733 1070 paratum.
786 1021 902 1070 Quod
915 1035 986 1073 ego
1002 1035 1065 1059 vos
1080 1035 1211 1059 moneo
1231 1033 1342 1071 quae-

263 1099 376 1136 soque
407 1094 449 1122 ut
479 1084 769 1122 animadvertatis
791 1100 802 1130 ;
858 1099 941 1131 neu,
972 1087 1116 1124 nomina
1145 1099 1264 1124 rerum
1293 1084 1344 1123 ad

260 1150 441 1202 ignaviam
472 1157 668 1192 mutantes,
707 1148 824 1186 otium
853 1163 924 1199 pro
957 1151 1103 1187 servitio
1135 1149 1338 1200 adpelletis.

264 1217 351 1266 Quo
366 1217 439 1267 jam
454 1213 534 1264 ipso
554 1213 639 1256 frui,
659 1213 687 1250 si
702 1227 783 1250 vera
797 1223 835 1250 et
849 1213 1003 1251 honesta
1022 1214 1202 1265 flagitium
1216 1228 1343 1264 super-

263 1279 390 1323 averit,
415 1292 486 1317 non
506 1287 562 1315 est
581 1276 744 1315 conditio
762 1292 771 1314 :
801 1276 942 1322 fuisset,
971 1279 999 1316 si
1019 1279 1165 1317 omnino
1185 1279 1344 1330 quiesse-

263 1346 322 1383 tis.
368 1344 478 1382 Nunc
498 1343 655 1381 animum
674 1341 878 1380 advortite:
905 1351 957 1387 et,
976 1343 1042 1381 nisi
1061 1342 1232 1388 viceritis,
1252 1358 1345 1394 quo-

268 1410 365 1447 niam
393 1408 509 1445 omnis
527 1407 653 1458 injuria
672 1406 851 1457 gravitate
871 1408 989 1444 tutior
1007 1416 1076 1452 est,
1104 1407 1216 1445 artius
1234 1408 1345 1445 habe-

265 1475 372 1512 bunt.
415 1472 517 1523 Quid
532 1485 654 1509 censes
670 1471 804 1522 igitur?
823 1470 950 1521 aliquis
963 1481 1122 1509 vestrum
1137 1472 1343 1523 subjecerit.

268 1539 431 1577 Primum
461 1536 636 1579 omnium,
669 1535 913 1573 omittendum
932 1550 1069 1574 morem
1095 1537 1208 1581 hunc,
1237 1551 1346 1588 quem

265 1604 390 1655 agitis,
409 1601 586 1652 impigrae
605 1600 766 1651 linguae,
786 1601 894 1638 animi
908 1601 1043 1653 ignavi,
1063 1616 1134 1639 non
1150 1602 1246 1640 ultra
1260 1617 1348 1640 con.

266 1669 379 1707 cionis
408 1667 531 1704 locum
563 1679 739 1703 memores
766 1665 974 1705 libertatis:
1006 1667 1102 1712 dein,
1135 1668 1200 1721 (ne
1217 1681 1282 1705 vos
1301 1668 1346 1705 ad

268 1733 381 1771 virilia
394 1732 454 1771 illa
466 1745 607 1774 vocem,
627 1744 701 1780 quo
717 1730 883 1767 tribunos
899 1731 1012 1781 plebi,
1028 1733 1138 1769 modo
1153 1732 1347 1782 patricium

266 1798 535 1849 magistratum,
565 1795 678 1832 libera
696 1795 740 1831 ab
761 1795 970 1832 auctoribus
982 1795 1143 1845 patriciis
1162 1796 1347 1847 suffragia,

270 1865 423 1913 majores
443 1859 553 1897 vestri
571 1857 764 1910 paravere)
785 1873 869 1896 cum
887 1859 939 1896 vis
957 1860 1087 1904 omnis,
1107 1860 1286 1910 Quirites,
1306 1860 1342 1896 in

269 1927 372 1964 vobis
393 1926 452 1970 sit,
473 1926 542 1970 uti,
564 1938 654 1976 quae
668 1926 768 1976 jussa
785 1937 881 1961 nunc
901 1937 968 1974 pro
987 1923 1063 1961 aliis
1082 1924 1259 1969 toleratis,
1278 1937 1346 1974 pro

264 1991 367 2027 &obis
395 2004 521 2041 agere,
549 1998 613 2026 aut
641 2002 711 2025 non
740 2001 848 2039 agere
875 1996 975 2025 certe
1002 1988 1160 2038 possitis.
1215 1988 1345 2026 Jovem

266 2066 330 2093 aut
349 2054 458 2092 alium
474 2068 581 2104 quem
596 2053 704 2091 deum
719 2051 962 2090 conqutorem
977 2053 1217 2104 exspectatis:
1244 2067 1349 2105 mag-

267 2134 314 2158 na
333 2120 393 2158 ina
412 2119 601 2157 consulum
620 2117 783 2168 imperia,
802 2126 839 2155 et
862 2126 1007 2167 patrum
1027 2118 1184 2162 decreta,
1198 2131 1262 2155 vos
1280 2132 1346 2156 ex-

269 2185 455 2237 sequendo
476 2192 554 2222 rata
572 2182 729 2228 efficitis,
749 2181 914 2232 Quirites
931 2197 943 2228 ;
971 2181 1144 2234 ultroque
1161 2182 1346 2221 licentiam
