1497 2689
236 326 311 361 140
428 321 744 360 SALLUSTII
773 323 795 361 J
799 322 926 363 UGU
933 322 1119 362 RTHA.

235 434 463 485 imperitandi
481 449 490 471 ε
521 436 603 483 quis
633 434 752 470 omnia
781 448 892 486 regna
921 436 1073 473 advorsa
1102 433 1174 472 sint
1195 448 1205 472 x
1234 442 1318 471 tum

237 514 326 544 sese,
354 499 476 550 paullo
495 507 578 536 ante
609 499 942 550 Carthaginienses,
971 500 1058 537 item
1077 513 1201 550 regem
1230 499 1320 536 Per-

238 579 314 608 sen,
343 573 441 614 post,
471 564 525 601 uti
552 564 705 614 quisque
734 563 1042 613 opulentissumus
1061 563 1239 607 videatur,
1269 562 1320 600 ita

243 629 417 667 Romanis
436 628 580 666 hostem
601 627 691 665 fore.
736 627 810 665 His
827 637 937 678 atque
952 627 1028 665 aliis
1041 627 1176 665 talibus
1195 627 1322 670 dictis,

239 694 286 731 ad
306 693 446 731 Cirtam
464 693 642 744 oppidum
661 693 731 729 iter
749 692 979 730 constituunt
997 708 1011 738 ς
1038 693 1139 743 quod
1158 693 1209 730 ibi
1234 692 1322 730 Me-

241 758 348 796 tellus
362 758 533 808 praedam
549 757 786 807 captivosque
801 766 839 794 et
854 757 1110 807 impedimenta
1126 756 1323 793 locaverat.

248 823 322 867 Ita,
342 822 528 873 Jugunha
543 831 657 866 ratus,
673 832 750 865 aut,
771 831 879 871 capta
894 822 997 866 urbe,
1016 834 1147 871 operae
1165 821 1325 871 pretium

239 886 317 923 fore
336 902 346 931 ;
376 895 453 930 aut,
483 886 511 922 si
533 886 722 923 Romanus
741 885 874 922 auxilio
892 885 966 927 suis
985 886 1153 928 venisset,
1182 883 1322 935 proelio

241 965 316 988 sese
345 960 561 988 certaturos.
619 951 716 988 Nam
744 950 895 988 callidus
914 951 952 988 id
971 951 1081 988 modo
1110 949 1322 993 festinabat,

242 1016 383 1053 Bocchi
402 1030 530 1066 pacem
544 1015 752 1053 imminuere
768 1030 777 1060 ;
800 1029 857 1060 ne,
873 1029 989 1053 moras
1004 1014 1193 1067 agitand0‚
1209 1013 1325 1059 aliud,

240 1095 349 1132 quam
368 1080 521 1125 bellum,
540 1080 676 1117 mallet.

296 1210 522 1247 LXXXII.
556 1210 827 1251 IMPERATOR,
848 1217 1043 1258 postquam
1060 1209 1105 1246 de
1120 1223 1250 1261 regum
1269 1224 1326 1248 so-

241 1273 372 1311 cietate
392 1273 582 1324 cognovit,
612 1287 683 1309 non
703 1281 851 1315 temere,
883 1287 1013 1322 neque,
1041 1274 1095 1310 uti
1117 1288 1222 1324 saepe
1245 1277 1322 1326 jam

239 1338 337 1375 victo
367 1338 554 1388 Jugurtha
585 1346 791 1380 consuerat,
821 1337 988 1374 omnibus
1013 1337 1103 1375 locis
1132 1340 1323 1390 pugnandi

240 1403 383 1452 copiam
404 1401 490 1439 facit
510 1417 518 1439 :
542 1410 704 1439 ceterum
723 1402 822 1438 haud
841 1401 970 1451 procul
990 1402 1035 1438 ab
1056 1403 1172 1447 Cirta,
1194 1405 1322 1440 castris

240 1467 401 1510 munitis,
438 1480 542 1516 reges
580 1466 795 1515 opperitur3
843 1464 968 1502 melius
1006 1475 1119 1511 ratus,
1162 1467 1322 1518 cognitis

242 1530 398 1574 Mauris,
446 1530 617 1580 quoniam
650 1530 679 1566 is
713 1543 827 1566 novus
860 1530 976 1567 hostis
1014 1541 1228 1576 accesserat,
1274 1547 1320 1570 ex

240 1596 435 1632 commodo
464 1608 627 1646 pugnam
656 1594 787 1632 facere.
847 1595 1000 1632 Interim
1033 1596 1153 1633 Roma
1178 1611 1244 1647 per
1262 1597 1325 1634 lit-

239 1669 333 1698 teras
350 1660 484 1696 certior
499 1660 555 1703 fit,
569 1659 790 1708 provinciam
807 1660 1019 1697 Numidiam
1035 1660 1157 1698 Mario
1172 1662 1295 1699 datam
1313 1678 1323 1700 :

239 1738 320 1761 nam
349 1724 535 1761 consulem
563 1723 704 1760 factum
726 1726 801 1775 jam
835 1733 940 1761 antea
962 1734 1165 1775 acceperat.
1224 1727 1327 1776 Quis

240 1793 347 1829 rebus
368 1805 475 1841 supra
494 1792 631 1827 bonum
647 1801 757 1840 atque
773 1790 966 1829 honestum
984 1791 1186 1841 perculsus,
1206 1807 1324 1842 neque

239 1856 414 1894 lacrumas
435 1864 570 1899 tenere,
591 1869 708 1905 neque
728 1855 905 1892 moderari
925 1855 1087 1907 linguam
1105 1871 1115 1893 ε
1146 1856 1198 1892 vir
1216 1870 1322 1908 egre—

240 1921 322 1972 gius
341 1920 375 1956 in
396 1920 472 1958 aliis
492 1920 644 1963 artibus,
664 1920 767 1956 nimis
787 1919 944 1957 molliter
962 1920 1228 1972 aegritudinem
1256 1935 1322 1971 pa-

239 1985 281 2022 ti.
341 1986 462 2034 Quam
491 1998 566 2021 rem
595 1984 654 2021 alii
686 1984 722 2021 in
756 1985 962 2034 superbiam
990 1986 1211 2023 vortebant:
1247 1986 1320 2030 alii,

240 2049 377 2086 bonum
407 2049 592 2100 ingenium
621 2049 841 2086 contumelia
860 2063 1051 2086 accensum
1070 2064 1171 2088 esse:
1201 2050 1322 2095 multi,

241 2114 342 2163 quod
356 2116 429 2164 jam
449 2123 553 2163 parta
573 2113 724 2150 victoria
739 2127 782 2154 ex
800 2113 962 2150 manibus
977 2114 1194 2163 eriperetur:
1216 2114 1324 2152 nobis

241 2177 325 2215 satis
345 2177 551 2231 cognitum,
580 2177 679 2214 illum
700 2177 817 2228 magis
836 2177 974 2215 honore
990 2178 1114 2223 Marii,
1143 2192 1251 2229 quam
1270 2178 1325 2216 in.
