1497 2689
226 302 288 338 -84
429 297 741 336 SALLUSTII
770 296 1109 337 JUGURTHA.

293 411 434 448 XXII.
467 410 638 447 men
661 410 695 446 in
716 409 885 446 Africam
905 418 1124 447 maturantes
1142 407 1302 453 veniunt,

235 488 279 512 eo
303 474 429 525 magis,
458 475 557 524 quod
589 473 740 516 Romae,
768 473 854 509 dum
881 474 1059 523 proficisci
1086 481 1227 523 parant,
1255 472 1301 509 de

238 538 376 588 proelio
393 537 491 574 facto
507 546 543 574 et
558 537 832 587 oppugnatione
848 537 970 574 Cirtae
986 536 1215 573 audiebatur:
1238 535 1300 572 sed

238 603 267 639 is
286 616 408 638 rumor
426 601 579 639 clemens
598 609 686 637 erat.
745 601 911 649 Quorum
938 602 960 638 J
965 600 1123 651 ugurtha
1150 607 1301 649 accepta

236 667 398 703 oratione
417 665 615 715 respondit,
645 665 709 701 sibi
738 678 852 713 neque
872 667 983 716 majus
1002 665 1213 714 quidquam,
1241 678 1303 701 ne-

238 745 307 782 que
336 730 464 773 carius,
494 729 709 766 auctoritate
738 728 876 765 senati:
911 729 955 765 ab
984 728 1223 766 adolescentia
1250 728 1303 764 ita

236 795 385 838 enisum,
407 794 458 830 uti
475 794 518 829 ab
539 802 692 842 optumo
713 806 860 842 quoque
879 793 1120 841 probaretur:
1151 792 1303 835 virtute,

235 875 306 897 non
327 859 466 902 militia,
487 859 531 896 P.
555 857 730 907 Scipioni,
751 870 889 894 summo
909 857 998 900 viro,
1023 856 1224 905 placuisse;
1253 856 1302 892 ob

235 926 377 962 easdem
397 924 482 960 artis
500 923 544 958 ab
566 922 738 971 Micipsa,
767 935 837 957 non
865 921 1013 971 penuria
1030 921 1238 965 liberorum,
1265 920 1301 957 in

234 1002 387 1040 regnum
405 988 622 1036 adoptatum
639 1001 648 1023 ε
679 995 852 1029 ceterum,
873 999 945 1034 quo
965 985 1068 1035 plura
1081 985 1173 1022 bene
1191 995 1302 1034 atque

235 1062 378 1092 strenue
406 1051 565 1094 fecisset,
595 1065 638 1087 eo
668 1050 824 1086 animum
855 1063 958 1086 suum
991 1049 1153 1101 injuriam
1186 1050 1302 1087 minus

234 1117 414 1155 tolerare:
444 1114 696 1152 Adherbalem
725 1113 816 1150 dolis
836 1113 927 1150 vitae
957 1127 1039 1150 suae
1067 1113 1299 1159 insidiatum3

235 1182 335 1232 quod
356 1180 417 1217 ubi
436 1177 682 1228 comperisset,
703 1176 824 1214 sceleri
845 1177 988 1213 obviam
1007 1177 1074 1213 isse
1091 1192 1101 1214 ι
1122 1175 1302 1226 populum

238 1246 444 1284 Romanum
464 1255 578 1292 neque
599 1250 710 1285 recte,
739 1254 853 1290 neque
881 1255 947 1290 pro
967 1241 1078 1285 bono,
1105 1239 1301 1285 facturum,

238 1310 266 1348 si
285 1310 329 1346 ab
355 1311 433 1360 jure
454 1307 617 1358 gentium
637 1319 710 1342 sese
738 1305 1013 1354 prohibuerint:
1044 1313 1228 1354 postremo
1257 1305 1303 1342 de

237 1373 403 1410 omnibus
419 1372 525 1408 rebus
539 1370 681 1421 legatos
705 1370 862 1406 Romam
880 1368 978 1404 brevi
998 1368 1200 1405 missurum.
1243 1368 1304 1405 Ita

238 1438 383 1486 utrique
411 1434 675 1486 digrediuntur.
731 1432 957 1471 Adherbalis
975 1432 1179 1483 adpellandi
1197 1432 1304 1484 copia

236 1515 305 1539 non
326 1499 408 1537 fuit.

289 1628 457 1667 XXIII.
497 1628 752 1670 JUGURTHA,
780 1624 842 1662 ubi
861 1639 922 1662 eos
949 1623 1084 1662 Africa
1102 1625 1306 1663 discessisse

234 1704 333 1732 ratus
352 1702 420 1736 est,
448 1705 563 1741 neque
586 1699 738 1741 propter
755 1689 826 1727 loci
847 1699 1010 1727 naturam
1038 1689 1178 1727 Cirtam
1196 1690 1302 1727 armis

232 1770 442 1808 expugnare
461 1763 584 1805 potest
600 1770 610 1799 3
639 1754 732 1790 vallo
747 1763 857 1803 atque
876 1753 972 1790 fossa
989 1753 1128 1790 moenia
1146 1753 1304 1791 circum-

234 1823 310 1865 dat,
340 1821 448 1857 turris
466 1819 635 1862 exstruit,
663 1831 793 1867 easque
812 1817 995 1867 praesidiis
1023 1817 1168 1855 firmat:
1198 1831 1303 1867 prae-

234 1895 331 1923 terea
345 1883 434 1927 dies,
455 1891 592 1926 noctes,
613 1889 677 1918 aut
696 1895 760 1930 per
773 1881 857 1925 vim,
877 1890 940 1917 aut
954 1880 1045 1917 dolis
1060 1889 1218 1925 tentare3
1239 1881 1304 1917 de-

235 1948 436 1987 fensoribus
465 1947 645 1983 moenium
673 1945 828 1995 praemia
856 1944 978 1988 modo,
1006 1944 1116 1981 modo
1138 1943 1304 1982 formidi-

235 2027 315 2051 nem
342 2020 524 2049 ostentare
541 2026 551 2055 3
581 2024 664 2047 suos
682 2009 862 2046 hortando
881 2010 927 2046 ad
945 2009 1115 2046 virtutem
1133 2008 1271 2060 erigere
1287 2025 1301 2056 ;

234 2090 378 2129 prorsus
391 2075 551 2112 intentus
563 2083 696 2111 cuncta
708 2087 844 2123 parare.
881 2072 1076 2110 Adherbal
1089 2073 1151 2109 ubi
1165 2072 1304 2111 intelle-

238 2144 294 2196 git
305 2141 419 2180 omnis
432 2153 511 2180 suas
527 2139 690 2181 fortunas
703 2138 739 2176 in
754 2146 916 2176 extremo
931 2137 1029 2184 sitas,
1043 2137 1185 2176 hostem
1196 2136 1306 2175 infes-
