1497 2689
243 280 320 315 222
403 276 718 315 SALLUSTII
749 276 861 314 FRA
871 276 1140 315 GMENTA.

294 388 522 439 Septimium,
553 402 668 437 neque
688 388 806 424 animo
826 403 942 438 neque
962 388 1087 439 lingna
1106 388 1193 424 satis
1213 401 1312 425 com-

238 462 376 506 potem.
435 452 542 489 Idem.

291 515 437 567 Vulgus
457 525 552 552 amat
580 515 670 552 fieri.
728 516 958 567 Quintilianus
986 517 1034 552 ix.
1064 525 1143 568 calz.
1170 520 1204 554 3.

292 580 379 616 Non
399 579 644 629 poeniturum.
706 579 950 630 Quintilianus.

291 643 489 692 Pompeius
509 657 592 680 cum
611 643 786 679 alacribus
807 643 913 687 saltu,
934 657 1015 680 cum
1030 644 1212 681 velocibus
1233 659 1316 682 cur-

238 722 294 752 SU,
323 722 406 745 cum
426 707 548 743 validis
568 716 669 744 vecte
689 708 865 744 certabat.
923 708 1053 756 Neque
1084 707 1177 744 enim
1200 708 1258 745 ille
1277 723 1315 745 a·

238 772 322 809 liter
340 772 518 822 potuisset
538 786 603 821 pax·
629 785 705 808 esse
741 771 917 813 Sertorio,
946 771 1010 807 nisi
1044 785 1079 808 se
1112 781 1150 808 et
1183 772 1311 809 milites

238 837 490 886 frequentibus
533 835 714 872 exercitiis
757 835 1043 884 praeparavisset
1087 836 1133 872 ad
1162 836 1316 885 proelia.

244 902 285 939 V
282 903 417 951 egetius,
436 900 493 937 lib.
514 901 538 937 ἰ.
558 908 637 951 cap.
661 903 696 937 9.
729 900 806 936 lolz.
829 899 965 937 Saresb.

293 965 424 1002 Cicero
444 964 606 1001 caninam
627 962 847 1007 facundiam,
870 972 912 1000 ut
932 963 1085 1013 Appius
1103 964 1237 1014 inquit,
1255 978 1319 1002 ex-

238 1029 367 1069 ercuit.
422 1028 642 1066 Lactantius.

291 1094 433 1132 Primus
454 1093 683 1132 Graecorum
702 1091 885 1129 Achilles.
943 1094 1099 1130 Servius.

292 1157 607 1208 Cupientissumus
626 1156 729 1207 Iegis.
788 1155 983 1194 Diomedes.

291 1223 433 1273 Magna
451 1220 567 1272 gloria
585 1221 752 1257 tribunus
776 1220 931 1257 militum
963 1221 997 1256 in
1034 1221 1227 1270 Hispania,
1263 1221 1313 1259 Τ.

240 1287 358 1325 Didio
377 1287 590 1335 imperante,
619 1298 752 1335 magno
772 1298 838 1320 usu
862 1284 959 1321 bello
994 1284 1153 1321 Marsico
1186 1294 1315 1334 paratu

239 1350 408 1394 militum,
436 1359 473 1386 et
493 1362 686 1391 armorum,
721 1347 803 1384 fuit.
873 1347 1069 1397 Multaque
1089 1357 1169 1384 tum
1200 1349 1315 1386 ductu

238 1417 314 1466 ejus
334 1422 472 1457 curata,
503 1413 618 1462 primo
638 1426 703 1461 per
721 1411 1003 1462 ignobilitatem,
1032 1411 1160 1448 deinde
1179 1426 1244 1461 per
1262 1412 1318 1449 in-

240 1479 369 1515 vidiam
393 1477 612 1527 scriptorum
640 1475 756 1512 celata
788 1485 884 1512 sunt.
952 1477 1164 1514 Comminus
1183 1476 1316 1515 faciem

238 1558 339 1582 suam
359 1543 583 1585 ostentabat,
613 1541 751 1590 aliquot
771 1541 931 1577 advorsis
944 1541 1187 1585 cicatricibus,
1207 1550 1245 1578 et
1264 1541 1320 1579 ef-

240 1609 337 1645 fosso
357 1606 478 1644 oculo.
519 1607 606 1655 Quo
622 1605 679 1641 ille
693 1605 1015 1643 dehonestamento
1035 1607 1198 1656 corporis
1217 1621 1318 1644 max-

240 1686 321 1709 ume
341 1671 570 1708 laetabatur:
601 1684 717 1719 neque
738 1669 805 1706 illis
825 1671 963 1714 anxius,
985 1671 1068 1720 quia
1088 1669 1225 1721 reliqua
1238 1671 1319 1722 glo-

240 1738 355 1774 riosus
374 1735 567 1772 retinebat.
627 1734 769 1777 Gellius,
798 1736 835 1771 ii.
857 1744 936 1787 cajz.
959 1737 1021 1773 27.

295 1801 462 1842 Curetes,
492 1798 577 1847 quia
609 1798 791 1847 principes
825 1798 1058 1849 intellegendi
1089 1799 1208 1835 divina
1241 1798 1322 1836 fue-

241 1874 337 1908 runt,
368 1871 600 1905 vetustatem,
621 1862 674 1898 nti
689 1872 823 1906 cetera,
842 1862 877 1898 in
894 1865 1006 1913 majus
1022 1872 1319 1913 componentem,

241 1930 372 1967 altores
392 1930 413 1966 J
417 1928 490 1964 ovis
506 1926 750 1964 celebravisse.
808 1927 1027 1964 Lactantius.

298 1993 440 2030 Italiam
464 1994 695 2042 conjunctam
729 1990 871 2028 Siciliae
905 2000 1049 2028 constat
1078 1991 1211 2028 fuisse:
1257 1991 1321 2027 sed

244 2058 400 2095 medium
420 2056 577 2106 spatium
596 2064 658 2092 aut
677 2069 742 2106 per
760 2054 1003 2093 humilitatem
1017 2056 1191 2093 obrutum
1210 2064 1266 2092 est
1282 2068 1320 2091 a-
