1451 2719
348 299 661 339 SALLUSTII
691 300 1032 339 JUGURTHA.
1149 304 1217 340 101

148 411 273 463 loquio
292 413 400 450 verba
419 411 506 450 facit
522 427 532 450 z
576 413 719 450 tametsi
739 412 856 462 ipsum
875 425 958 448 cum
976 411 1138 449 exercitu
1172 410 1224 448 fa·

149 489 219 520 me,
248 475 357 520 ferro,
386 475 547 513 clausum
563 486 676 519 tenet,
706 486 824 512 tamen
846 491 895 520 se,
923 476 1158 512 humanarum
1170 489 1226 512 re·

150 553 229 576 rum
248 553 455 584 memorem,
485 541 511 576 si
546 555 666 577 secum
700 539 827 577 foedus
860 539 1009 583 faceret,
1036 538 1224 575 incolumis

149 603 265 640 omnis
284 605 497 655 subjugum
531 605 747 640 missurum:
790 613 989 652 praeterea,
1017 603 1069 640 uti
1099 602 1224 639 diebus

149 667 276 704 decem
296 667 470 705 Numidia
484 668 688 705 decederet.
746 667 851 717 Quae
867 681 1085 717 quamquam
1104 667 1227 718 gravia

149 741 188 769 et
208 731 336 783 flagitii
361 731 465 781 plena
489 742 604 776 erant,
632 742 766 777 tamen,
785 734 868 783 quia
883 733 1009 769 mortis
1029 742 1129 769 metu
1149 745 1228 768 mu-

150 796 293 841 tabant,
321 796 427 833 sicuti
447 797 525 847 regi
545 795 713 841 libuerat,
740 811 812 848 pax
832 797 1012 835 convenit.

206 924 409 963 XXXIX.
469 925 565 968 SED,
599 925 660 962 ubi
679 939 720 962 ea
751 926 891 963 Romae
910 934 1100 975 comperta
1129 933 1227 970 sunt,

152 996 270 1024 metus
288 997 399 1038 atque
427 1002 570 1025 moeror
587 989 771 1026 civitatem
792 990 948 1027 invasere
966 1004 975 1026 :
1006 1002 1087 1039 pars
1108 988 1228 1026 dolere

152 1067 220 1102 pro
240 1052 356 1104 gloria
375 1052 541 1102 imperii:
571 1067 667 1102 pars,
700 1053 843 1091 insolita
869 1067 987 1090 rerum
1006 1053 1228 1097 bellicarum,

153 1116 280 1153 timere
299 1116 459 1153 libertati
477 1131 486 1153 ε
522 1116 628 1153 Aulo
658 1131 782 1154 omnes
815 1116 949 1161 infesti,
978 1130 1019 1153 ac
1050 1130 1230 1164 maxume,

152 1181 217 1231 qui
235 1180 333 1218 bello
352 1194 457 1230 saepe
476 1180 650 1230 praeclari
669 1180 826 1224 fuerant,
846 1182 959 1231 quod,
978 1192 1147 1225 armatus,
1169 1181 1231 1218 de-

153 1245 284 1282 decore
303 1245 441 1295 potius,
461 1257 569 1294 quam
589 1258 708 1288 manu,
729 1244 881 1281 salutem
901 1244 1134 1294 quaesiverat.
1165 1244 1228 1281 Ob

152 1323 195 1348 ea
227 1309 354 1347 consul
381 1309 559 1353 Albinus,
589 1323 634 1346 ex
666 1308 799 1346 delicto
827 1308 948 1345 fratris
977 1308 1157 1352 invidiam,
1187 1322 1230 1345 ac

153 1374 284 1412 deinde
302 1373 517 1424 periculum,
536 1374 678 1417 timens,
699 1382 862 1410 senatum
877 1373 921 1410 de
936 1371 1083 1409 foedere
1103 1386 1232 1409 consu-

154 1437 271 1476 lebat:
293 1447 330 1476 et
345 1447 464 1475 tamen
479 1437 622 1474 interim
639 1438 817 1474 exercitui
831 1437 1123 1487 supplementum
1143 1438 1232 1474 scri-

155 1503 240 1541 bere
255 1518 266 1548 ;
295 1504 340 1540 ab
360 1503 466 1540 sociis
485 1511 522 1539 et
542 1501 683 1539 nomine
717 1502 855 1539 Latino
874 1502 1005 1538 auxilia
1023 1515 1200 1539 arcessere
1217 1517 1228 1540 :

156 1568 312 1617 denique
331 1567 447 1603 modis
466 1566 631 1602 omnibus
659 1565 839 1603 festinare.
899 1567 1052 1604 Senatus
1084 1567 1148 1611 ita,
1177 1566 1231 1604 uti

156 1646 223 1683 par
242 1631 373 1675 fuerat,
392 1631 567 1674 decernit,
599 1644 677 1667 suo
701 1644 845 1675 ATQUE
870 1645 1025 1669 popum
1052 1645 1228 1677 INJUSSU

159 1709 342 1734 κυιιυινι
376 1708 582 1733 roz-mssa
618 1707 776 1732 fotinus
810 1708 937 1733 maai.
995 1695 1148 1739 Consul,
1168 1696 1233 1732 im-

157 1761 304 1812 peditus
322 1774 342 1797 a
361 1760 515 1797 tribunis
534 1759 662 1809 plebis,
693 1773 750 1803 ne,
779 1774 867 1809 quas
886 1770 1071 1810 paraverat
1095 1761 1232 1811 copias,

158 1840 280 1864 secum
300 1834 477 1876 portaret,
505 1824 629 1875 paucis
644 1824 770 1861 diebus
788 1825 824 1860 in
845 1824 1017 1862 Africam
1037 1826 1235 1875 proficisci-

158 1901 247 1929 tur:
278 1904 359 1927 nam
379 1890 494 1927 omnis
512 1889 707 1932 exercitus,
728 1889 782 1925 uti
802 1899 1031 1934 convenerat,
1062 1890 1234 1928 Numidia

159 1955 354 1998 deductus,
382 1954 417 1990 in
438 1952 621 2003 provincia
640 1952 833 1990 hiemabat.
892 1954 1091 2004 Postquam
1113 1968 1156 1991 eo
1177 1969 1234 1992 ve-

160 2020 215 2057 nit
231 2035 242 2065 ;
271 2031 489 2069 quamquam
508 2017 676 2067 persequi
694 2017 931 2068 Jugurtham,
950 2027 987 2055 et
1006 2019 1140 2056 mederi
1164 2019 1235 2056 fra-

160 2093 283 2123 ternae
301 2083 465 2127 invidiae,
499 2082 636 2119 animus
655 2081 803 2118 ardebat
821 2097 831 2126 ;
872 2083 1029 2134 cognitis
1048 2083 1233 2128 militibus,

162 2162 268 2199 quos,
286 2156 430 2199 praeter
448 2146 588 2198 fugam,
616 2144 737 2183 soluto
755 2145 919 2196 imperio,
946 2146 1104 2192 licentia,
1125 2157 1234 2196 atque
