1497 2689
251 315 326 351 190
418 310 733 350 SALLUSTII
764 310 1153 351 FRAGMENTA.

242 425 360 461 siamus
383 424 536 461 Messus.

300 488 469 524 Insanum
485 487 588 524 aliter
607 501 669 524 sua
689 488 877 532 sententia,
896 497 1006 538 atque
1025 487 1173 525 aliarum
1192 486 1319 524 mulie-

245 565 336 588 rum.
397 552 514 588 Caris.
535 551 592 589 lib.
614 553 637 588 i.
659 552 758 588 aliter
777 560 850 604 pro
868 552 971 589 alias.

302 616 444 653 Recens
464 615 600 665 scripsi.
659 617 837 660 Donatus,
868 617 1013 654 Phorm.
1043 627 1110 654 act.
1136 633 1174 656 v.
1200 619 1256 655 Sc.
1280 619 1315 653 8.

248 681 419 724 Carisius,
443 682 480 717 ii.

300 744 395 782 Solis
415 744 491 781 viis.
549 745 726 788 Donatus,
750 746 895 782 Phorm.
916 755 983 783 act.
1006 761 1043 783 v.
1064 760 1111 782 sc.
1135 748 1171 782 8.

298 809 320 846 J
325 822 407 845 ussu
428 807 570 845 Metelli
590 808 788 845 cornicines
807 818 1067 852 occanum-unt,
1098 809 1318 854 Priscianus,

245 875 302 912 lib.
323 891 359 911 x.
400 875 557 917 Servius,
576 874 613 910 ii.
634 873 762 923 Geor-g.
789 874 829 912 V
827 875 895 923 irg.
934 874 1055 912 Diom.
1072 873 1129 911 lib.
1146 875 1170 910 i.
1186 882 1265 926 cap.
1283 876 1320 911 4.

301 938 441 976 Nexuit
462 946 609 974 catenae
629 938 755 974 modo.
812 939 930 976 Prisc.
951 938 1008 975 lib.
1031 954 1068 975 x.

300 1004 451 1040 Doctus
472 1002 646 1038 militiam.
703 1002 903 1039 Arusianus
925 1002 1081 1039 Messus.

303 1067 433 1117 Neque
462 1080 498 1103 se
519 1066 689 1117 recipere,
719 1075 782 1103 aut
801 1065 976 1104 instruere
1004 1066 1142 1116 proelio
1163 1066 1319 1117 quivere.

249 1133 368 1169 Prisc.
390 1131 447 1168 lib.
469 1147 505 1167 x.

303 1195 403 1245 Equi
423 1194 495 1232 sine
516 1203 655 1231 rectore
670 1194 846 1239 exterriti,
867 1204 931 1232 aut
947 1194 1070 1240 saucii,
1089 1204 1323 1233 consternan-

248 1269 320 1297 tur.
378 1258 486 1302 Idem,
506 1259 562 1295 lib.
584 1260 636 1295 iv.

304 1324 594 1372 Occupatusque
614 1321 715 1359 collis
733 1322 964 1360 editissumus
985 1324 1084 1374 apud
1113 1323 1321 1369 Hilerdam,

249 1396 286 1425 et
306 1402 389 1425 cum
409 1386 520 1423 multa
541 1400 652 1436 opera
666 1386 899 1424 circumdata.
958 1388 1076 1427 Prisc.
1097 1387 1155 1425 lib.
1176 1403 1214 1424 v.

303 1453 364 1488 At
384 1451 464 1487 inde
485 1451 582 1486 nulla
600 1450 808 1486 munitionis
824 1460 887 1487 aut
902 1452 1025 1501 requie
1045 1465 1158 1495 mora,
1178 1464 1326 1500 proces-

251 1517 296 1554 sit
317 1516 362 1552 ad
380 1515 570 1565 oppidum.
630 1515 746 1551 Prisc.
767 1514 824 1552 lib.
843 1517 945 1561 xviii.
961 1518 1075 1567 requie
1084 1525 1158 1569 pro
1172 1517 1310 1566 requiei.

303 1581 484 1632 Agreste.
544 1580 662 1617 Caris.
687 1579 744 1616 lib.
765 1581 789 1616 i.

306 1647 479 1684 Ardebat
511 1644 625 1681 omnis
660 1643 843 1693 Hispania
877 1644 1034 1682 citerior.
1093 1645 1158 1683 M.
1194 1643 1325 1682 Fabius

258 1712 392 1749 Victor.
414 1710 455 1747 de
475 1712 602 1746 invent.
665 1709 737 1745 Cic.
759 1708 816 1746 lib.
837 1710 861 1745 i.

306 1779 329 1801 ἢ*
349 1785 386 1813 et
406 1775 565 1825 pondere
580 1771 732 1810 validam
746 1773 872 1810 urbem
888 1771 1022 1809 multos
1037 1772 1113 1810 dies
1132 1781 1327 1811 restantem

254 1839 452 1891 pugnando
472 1839 570 1875 vicit.
628 1838 724 1875 Non.

310 1905 441 1953 Itaque
463 1902 658 1945 Sertorius,
685 1901 753 1938 levi
776 1901 954 1951 praesidio
973 1902 1100 1940 relicto
1119 1901 1154 1939 in
1184 1902 1327 1941 Mauri.

254 1968 363 2011 tanin,
392 1976 519 2003 nactus
547 1966 737 2002 obscuram
763 1974 922 2009 noctem,
950 1976 1052 2003 aestu
1073 1966 1231 2004 secundo
1250 1966 1328 2003 fur-

256 2033 400 2083 tivaque
437 2030 619 2068 celeritate
657 2029 767 2067 vitare
813 2029 990 2079 proelium
1027 2030 1062 2067 in
1099 2039 1327 2082 transgressu

257 2104 409 2133 conatus
427 2103 495 2132 est.
546 2093 688 2138 Gellius,
708 2093 765 2131 lib.
787 2110 823 2131 x.
843 2102 922 2147 cap.
941 2096 1004 2133 26.
1051 2095 1147 2133 Non.
1170 2093 1327 2133 Marcel.
