1451 2719
327 300 639 340 SALLUSTII
667 301 1004 341 JUGURTHA.
1120 304 1193 341 113

123 410 310 455 conducit,
343 411 486 449 ordines
519 413 688 457 restituit,
714 422 753 450 et
785 413 944 450 cohortis
976 411 1187 463 legionarias

124 484 282 526 quatuor
298 476 487 513 advorsum
507 477 645 526 pedites
665 477 824 514 hostium
842 476 999 514 collocat
1017 491 1027 513 ε
1062 490 1187 514 eorum

121 552 251 590 magna
269 553 351 589 pars
371 540 611 590 superioribus
630 541 717 578 locis
737 540 828 578 fessa
847 540 1069 578 consederat.
1128 540 1185 578 Si-

119 601 194 639 mul
216 616 331 647 orare,
361 603 497 640 hortari
518 604 660 648 milites,
688 619 730 641 ne
759 604 965 648 deficerent,
994 617 1062 640 neu
1082 612 1184 654 pate-

118 675 241 704 rentur
259 666 372 704 hostis
393 666 572 718 fugientes
588 668 726 705 vincere
743 683 752 705 :
783 681 898 718 neque
909 667 976 704 illis
996 677 1111 705 castra
1129 682 1184 705 es-

117 743 167 774 se,
196 744 311 780 neque
330 731 588 768 munimentum
609 730 732 775 ullum,
761 745 834 781 quo
859 731 1027 768 cedentes
1059 731 1185 768 tende-

115 802 195 830 rent
212 808 222 831 :
252 794 287 831 in
306 794 410 831 armis
429 794 546 831 omnia
566 795 645 832 sita.
694 794 767 832 Sed
783 808 825 832 ne
839 795 1023 845 Jugurtha
1038 794 1183 846 quidem

116 857 250 894 interea
277 858 447 908 quietus:
478 858 676 901 circumire,
704 859 852 902 hortari,
881 871 1048 896 renovare
1076 872 1182 908 proe-

116 919 217 964 lium,
244 929 281 957 et
300 921 375 970 ipse
394 935 478 957 cum
496 922 636 958 dilectis
665 930 802 959 tentare
821 923 939 959 omnia
955 937 964 960 ε
994 922 1179 960 subvenire
1212 950 1220 965 ς

116 983 200 1027 suis,
228 983 394 1020 hostibus
415 983 532 1020 dubiis
550 985 709 1029 instare;
738 999 828 1034 quos
861 986 982 1023 firmos
1001 999 1182 1037 cognove-

116 1057 185 1092 rat,
213 1047 347 1084 eminus
367 1047 564 1098 pugnando
584 1048 746 1086 retinere.

168 1175 267 1214 LII.
325 1176 387 1214 Eo
408 1176 517 1213 modo
550 1178 643 1214 inter
661 1190 697 1214 se
716 1178 789 1214 duo
808 1177 1053 1227 imperatores,
1086 1190 1181 1214 sum-

113 1239 163 1276 mi
181 1239 259 1283 viri,
287 1240 498 1285 certabant;
527 1239 594 1289 ipsi
614 1253 728 1290 pares,
757 1249 917 1277 ceterum
949 1240 1078 1290 opibus
1112 1240 1183 1277 dis-

112 1303 271 1353 paribus.
328 1303 425 1341 Nam
450 1303 604 1340 Metello
638 1304 750 1340 virtus
782 1303 935 1340 militum
963 1313 1053 1348 erat,
1080 1303 1182 1341 locus

112 1367 311 1405 advorsus:
341 1367 546 1419 Jugurthae
561 1367 631 1404 'alia
649 1367 767 1404 omnia
785 1376 928 1417 praeter
959 1367 1088 1405 milites
1117 1382 1185 1418 op-

112 1440 282 1481 portuna.
331 1431 502 1480 Denique
525 1430 694 1474 Romani,
723 1431 783 1467 ubi
808 1430 1036 1482 intellegunt,
1067 1445 1183 1482 neque

114 1495 180 1532 sibi
199 1494 405 1546 perfugium
423 1509 512 1538 esse,
540 1508 655 1543 neque
673 1495 717 1530 ab
738 1494 842 1531 hoste
857 1494 998 1544 copiam
1017 1507 1184 1546 pugnan-

113 1559 150 1596 di
169 1559 257 1603 fieri,
285 1568 322 1596 et
336 1561 410 1610 jam
429 1559 486 1595 die
506 1572 629 1607 vesper
647 1566 723 1594 erat
740 1573 751 1603 ;
780 1558 930 1594 advorso
950 1558 1055 1602 colle,
1075 1558 1182 1596 sicuti

114 1632 347 1673 praeceptum
366 1621 498 1666 fuerat,
524 1623 692 1659 evadunt.
749 1622 899 1659 Amisso
928 1622 1022 1666 loco,
1052 1623 1181 1660 Numi-

112 1687 178 1724 dae
197 1685 266 1723 fusi
285 1685 476 1737 fugatique
494 1700 502 1723 :
534 1685 638 1735 pauci
657 1685 822 1722 interiere
841 1701 851 1730 ;
880 1685 1070 1736 plerosque
1085 1685 1183 1723 velo-

113 1750 203 1788 citas
222 1758 260 1787 et
275 1750 375 1801 reg-io
395 1749 558 1786 hostibus
578 1750 701 1801 ignara
731 1759 849 1786 tutata
868 1758 964 1786 sunt.
1034 1750 1179 1787 Interea

116 1813 310 1857 Bomilcar,
338 1826 446 1862 quem
465 1812 662 1862 elephantis
681 1821 718 1850 et
737 1812 830 1862 parti
850 1812 1034 1862 copiarum
1052 1814 1182 1863 pedes-

113 1878 220 1914 trium
240 1876 464 1927 praefectum
496 1877 540 1914 ab
572 1877 756 1928 Jugurtha
785 1890 890 1926 supra
924 1876 1090 1921 diximus,
1119 1876 1182 1915 ubi

113 1955 196 1978 eum
219 1938 378 1978 Rutilius
402 1950 686 1991 praetergressus
716 1949 785 1983 est,
813 1938 997 1989 paullatim
1031 1953 1114 1976 suos
1143 1939 1179 1976 in

113 2018 267 2055 aequum
285 2004 405 2041 locum
425 2003 570 2041 deducit
587 2019 596 2042 ε
627 2017 682 2047 ac,
711 2003 794 2050 dum
812 2000 953 2054 legatus
972 2003 1017 2040 ad
1033 2004 1178 2049 flumen,

115 2082 188 2118 quo
219 2068 426 2118 praemissus
458 2076 547 2112 erat,
576 2066 745 2104 festinans
774 2067 908 2119 pergit,
937 2067 1093 2118 quietus,
1127 2067 1182 2104 uti

117 2146 172 2170 res
191 2132 413 2183 postulabat,
439 2132 551 2171 aciem
568 2140 718 2169 exornat
735 2146 744 2172 :
774 2145 889 2182 neque
908 2132 1073 2178 remittit,
1092 2131 1182 2182 quid

628 2195 659 2233 P
