1451 2719
299 327 611 367 SALLUSTII
642 328 980 369 JUGURTHA.
1120 328 1171 366 73

102 440 200 479 nium
227 452 319 489 quos
345 446 440 476 terra
467 439 617 477 sustinet
647 440 951 483 sceleratissimus,
979 447 1166 476 contemto

100 503 252 554 imperio
272 512 405 546 vestro,
438 502 646 541 Masinissae
675 519 731 542 me
759 515 941 554 nepotem,
970 512 1007 540 et
1033 506 1106 554 jam
1126 503 1170 538 ab

101 568 214 618 stirpe
245 568 382 605 socium
412 576 449 604 et
479 568 633 605 amicum
665 569 804 619 populo
842 569 1024 611 Romano,
1057 581 1169 618 regno

101 632 330 683 fortunisque
358 633 525 670 omnibus
556 633 708 683 expulit.
766 633 899 682 Atque
929 645 1013 683 eg0,
1044 632 1170 669 Patres

101 698 316 748 conscripti,
346 697 514 747 quoniam
544 712 588 734 eo
620 698 838 734 miseriarum
862 706 1034 734 venturus
1063 709 1171 739 eram,

102 761 227 799 vellem
252 762 376 812 potius
407 762 455 798 ob
477 774 566 806 mea,
586 775 693 811 quam
713 762 761 798 ob
781 764 954 813 majorum
985 760 1172 803 beneficia,

100 839 208 877 posse
231 825 403 862 auxilium
436 834 583 875 petere3
612 839 653 862 ac
686 839 851 863 maxume
885 825 1006 863 deberi
1036 824 1121 861 mihi
1155 838 1175 861 a

101 891 242 941 populo
266 891 445 934 Romano,
465 890 598 940 quibus
617 904 687 927 non
707 903 876 941 egerem3
906 890 1102 927 secundum
1116 902 1171 933 ea,

102 955 130 993 si
150 956 382 993 desideranda
400 964 514 998 erant,
534 955 587 992 uti
603 954 733 992 debitis
754 963 884 992 uterer.
944 954 1030 997 Sed,
1046 954 1175 1003 quoni-

101 1033 158 1056 am
177 1033 304 1070 parum
323 1028 404 1056 tuta
423 1033 487 1068 per
505 1032 541 1055 se
574 1019 650 1068 ipsa
670 1018 845 1068 probitas,
874 1032 988 1067 neque
1016 1018 1107 1053 'mihi
1139 1017 1174 1053 in

101 1095 207 1118 manu
227 1081 310 1126 fuit,
338 1082 523 1132 ,Iugurtha
544 1081 657 1131 qualis
685 1081 805 1126 foret3
834 1082 880 1118 ad
910 1095 973 1117 vos
1005 1079 1171 1131 confugi,

103 1147 229 1184 Patres
248 1145 458 1194 conscripti,
487 1145 631 1194 quibus,
661 1146 760 1194 quod
779 1145 1038 1189 miserrumum,
1058 1159 1175 1196 cogor

101 1210 201 1261 prius
219 1209 333 1253 oneri,
353 1222 458 1258 quam
479 1209 570 1252 usui,
591 1222 679 1246 esse.
737 1209 859 1247 Ceteri
878 1223 994 1260 reges,
1017 1218 1079 1246 aut
1099 1208 1177 1246 bel-

101 1275 138 1312 lo
157 1274 258 1319 victi,
277 1275 311 1311 in
331 1273 522 1311 amicitiam
542 1287 562 1309 a
581 1273 683 1310 vobis
702 1273 852 1323 recepti,
878 1282 940 1310 aut
959 1273 993 1309 in
1019 1274 1090 1310 suis
1109 1273 1176 1310 du-

101 1339 169 1377 biis
187 1339 292 1376 rebus
312 1337 520 1375 societatem
540 1346 694 1374 vestram
726 1337 976 1386 adpetiverunt
999 1352 1007 1374 :
1044 1336 1176 1374 familia

102 1413 225 1441 nostra
242 1417 325 1440 cum
344 1400 482 1452 populo
505 1402 672 1439 Romano
702 1400 798 1439 bello
818 1401 1108 1452 Carthaginiensi
1141 1414 1177 1437 a·

101 1468 272 1505 micitiam
299 1466 485 1510 instituit3
515 1479 588 1515 quo
621 1474 785 1514 tempore
817 1467 932 1516 mag-is
964 1466 1053 1503 fides
1085 1469 1174 1517 ejus,

103 1545 210 1582 quam
238 1530 396 1573 fortuna,
430 1530 585 1579 petenda
609 1537 698 1566 erat.
770 1528 937 1579 Quorum
965 1530 1174 1580 progeniem

102 1610 180 1640 vos,
210 1596 335 1633 Patres
363 1593 572 1643 conscripti,
614 1593 726 1630 nolite
757 1594 834 1643 pati
864 1593 996 1630 frustra
1025 1607 1045 1630 a
1075 1593 1176 1630 vobis

103 1659 274 1699 auxilium
294 1669 429 1710 petere.
489 1659 528 1695 Si
553 1658 598 1694 ad
617 1658 882 1707 impetrandum
916 1658 1003 1694 nihil
1024 1665 1176 1710 'caussae

100 1728 270 1778 haberem
289 1735 431 1776 praeter
448 1725 680 1762 miserandam
701 1723 883 1761 fortunam
900 1740 911 1769 3
941 1725 1054 1774 quod,
1074 1725 1176 1775 paul-

102 1792 140 1830 lo
159 1800 241 1829 ante
259 1805 336 1836 rex,
356 1804 500 1842 genere,
529 1789 635 1833 fama,
655 1798 764 1839 atque
782 1788 896 1839 copiis
919 1797 1063 1839 potens,
1082 1803 1176 1826 nunc

103 1856 326 1895 deformatus
344 1855 534 1898 aerumnis,
561 1854 679 1904 inops,
707 1853 835 1891 alienas
854 1867 942 1904 opes
975 1867 1176 1904 exspect03

103 1929 222 1958 tamen
241 1929 317 1958 erat
340 1919 535 1971 majestatis
568 1917 724 1955 Romani
747 1917 873 1967 populi
901 1918 1092 1968 prohibere
1125 1919 1178 1956 in-

97 1985 243 2038 Juriam,
270 1997 386 2034 neque
405 1986 616 2035 cujusquam
634 1995 786 2033 regnum
804 1996 869 2032 per
892 1982 1007 2019 scelus
1039 1997 1177 2021 cresce-

105 2060 174 2087 ret.
230 2050 368 2087 Verum
387 2062 457 2100 ego
477 2047 532 2084 his
551 2047 680 2084 finibus
698 2048 834 2100 ejectus
854 2057 945 2090 sum,
979 2061 1069 2098 quos
1102 2061 1176 2084 ma-

100 2110 238 2166 joribus
257 2114 344 2152 meis
362 2112 519 2164 populus
538 2111 724 2149 Romanus
742 2111 842 2148 dedit
861 2127 871 2156 ;
904 2111 998 2149 unde
1017 2122 1122 2162 pater
1138 2123 1176 2150 et

105 2191 190 2217 avus
208 2192 278 2220 una
296 2177 483 2217 vobiscum
500 2175 670 2226 expulere
703 2175 909 2232 Syphacem
927 2185 964 2215 et
984 2177 1179 2239 Carthagi-

623 2238 662 2276 K
