1497 2689
176 319 227 354 46
382 315 694 354 SALLUSTII
725 316 1030 355 CATILINA.

179 427 267 476 pulo
295 436 407 478 agat:
444 428 504 477 qui
533 427 636 464 aliter
662 428 802 472 fecerit,
831 437 993 465 senatum
1020 428 1252 473 existumare,

177 505 260 527 eum
288 501 414 528 contra
443 491 700 541 rempublicam
719 502 756 529 et
777 492 927 530 salutem
946 492 1105 529 omnium
1134 492 1253 530 factu·

163 556 302 591 .rum.''

222 685 319 721 LII.
338 685 575 729 POSTQUAM
595 685 728 722 Caesar
742 684 886 721 dicendi
899 685 1006 721 finem
1021 684 1122 728 fecit,
1141 685 1252 722 ceteri

175 749 297 792 verbo,
317 748 405 785 alius
424 748 495 791 aJii,
517 748 610 792 varie
620 749 947 785 =adsentiebantur:
969 756 1005 785 at
1026 747 1084 785 M.
1102 748 1252 785 Porcius

177 812 286 855 Cato,
325 822 474 862 rogatus
508 813 733 855 sententiam,
772 812 1020 864 hujuscemodi
1052 812 1252 848 orationem

173 877 302 913 habuit
323 892 331 914 :
391 885 415 902 “
437 876 571 927 Longe
592 876 677 912 mihi
705 876 771 912 alia
799 890 897 913 mens
915 884 984 919 est,
1014 876 1140 912 Patres
1164 889 1253 912 con-

173 941 310 990 scripti,
338 955 419 977 eum
439 955 494 977 res
513 951 622 989 atque
651 940 811 990 pelicula
837 949 960 978 nostra
979 940 1183 985 considero,
1211 949 1251 977 et

171 1019 253 1041 cum
274 1005 466 1041 sententias
484 1003 736 1041 nonnullorum
753 1019 894 1042 mecum
909 1005 984 1054 ipse
1005 1015 1148 1055 reputo.
1191 1003 1251 1041 Illi

170 1069 256 1105 mihi
285 1069 488 1106 disseruisse
518 1069 684 1105 videntur
703 1069 748 1106 de
776 1083 893 1118 poena
921 1083 1059 1113 eorum,
1094 1069 1156 1119 qui
1185 1082 1251 1118 pa-

170 1133 271 1177 triae,
291 1134 518 1183 parentibus,
547 1132 615 1169 aris
635 1142 744 1182 atque
765 1133 857 1171 focis
877 1134 960 1177 suis,
989 1132 1126 1170 bellum
1146 1146 1250 1182 para-

168 1211 247 1234 vere
266 1212 274 1234 :
306 1212 360 1233 res
379 1207 499 1234 autem
519 1206 655 1240 monet,
682 1211 804 1234 cavere
824 1198 869 1234 ab
888 1197 969 1241 illis,
1000 1211 1121 1247 quam,
1152 1197 1240 1246 quid

167 1263 202 1298 in
222 1261 289 1298 illis
305 1270 516 1305 statuamus,
537 1261 753 1299 consultare.
813 1263 908 1300 Nam
928 1272 1047 1299 cetera
1067 1271 1145 1299 turn
1164 1277 1246 1312 per-

167 1340 327 1376 sequare,
358 1326 420 1362 ubi
439 1326 536 1363 facta
556 1336 638 1362 sunt
657 1341 667 1371 3
696 1327 781 1370 hoc,
803 1327 868 1363 nisi
888 1326 1100 1377 provideris,
1121 1340 1164 1363 ne
1185 1340 1247 1363 ac-

166 1390 277 1434 cidat,
311 1390 373 1426 ubi
409 1389 541 1434 evenit,
573 1389 707 1427 frustra
734 1390 871 1441 judicia
903 1390 1072 1440 implores
1094 1405 1103 1428 ε
1139 1399 1248 1440 capta

164 1455 266 1497 urbe,
296 1453 383 1490 nihil
403 1454 445 1490 fit
473 1454 599 1503 reliqui
618 1454 734 1491 victis.
793 1454 867 1491 Sed
894 1468 959 1504 per
977 1454 1063 1490 deos
1097 1454 1244 1490 immor-

164 1517 269 1555 talis!
312 1532 374 1554 vos
403 1532 474 1569 ego
503 1517 659 1566 adpello,
699 1517 761 1567 qui
789 1532 929 1567 semper
956 1505 1097 1562 domos,
1135 1517 1246 1562 villas,

195 1596 280 1633 gna,
308 1581 449 1618 tabulas
466 1590 599 1618 vestras
618 1581 743 1631 plui-is,
773 1595 879 1631 quarn
899 1581 1172 1631 rempublicam,
1193 1580 1247 1618 fe·-

163 1646 261 1683 cistis
280 1662 288 1683 :
320 1646 347 1683 si
366 1646 447 1690 ista,
467 1648 727 1697 cujuscumque
747 1647 845 1682 modi
861 1647 944 1690 sint,
958 1661 1048 1696 quae
1063 1646 1246 1696 amplexa-

162 1711 260 1754 mini,
291 1711 457 1755 retinere,
478 1711 506 1747 si
527 1710 775 1760 voluptatibus
795 1711 920 1748 vestris
940 1711 1055 1747 otium
1074 1711 1246 1760 praebere

162 1776 269 1812 voltis
286 1792 295 1820 ;
316 1775 606 1826 expergiscimini
625 1774 831 1824 aliquandO,
851 1785 888 1812 et
904 1776 1078 1825 capessite
1099 1789 1245 1825 rempu-

162 1839 304 1876 blicam.
364 1840 449 1876 Non
480 1839 602 1890 agitur
621 1839 665 1878 de
685 1839 935 1891 vectigalibus,
965 1854 1035 1876 non
1057 1839 1244 1878 de'socio-

161 1919 240 1941 rum
259 1904 395 1956 injuriis
413 1919 421 1941 :
453 1903 598 1940 libertas
617 1913 655 1940 et
683 1903 798 1940 anima
817 1915 939 1941 nostra
966 1905 1001 1941 in
1031 1902 1147 1941 dubio
1168 1913 1238 1941 est.

163 1583 190 1617 si

163 1970 442 2018 Saepenumero,
465 1969 592 2005 Patres
611 1968 822 2018 conscripti,
851 1968 964 2005 multa
983 1969 1090 2005 verba
1109 1969 1144 2004 in
1165 1968 1239 2006 hoc

160 2035 283 2071 ordine
312 2033 381 2070 feci
400 2050 409 2078 ς
442 2048 544 2083 saepe
574 2033 618 2071 de
645 2033 786 2070 luxuria
805 2043 913 2082 atque
933 2033 1079 2070 avaritia
1097 2042 1242 2070 nostro-

160 2114 238 2135 rum
254 2099 383 2136 civium
400 2108 548 2148 questus
563 2112 654 2145 sum,
667 2097 874 2148 multosque
889 2097 1048 2134 mortalis
1063 2111 1103 2134 ea
1116 2111 1240 2134 caussa

160 2165 330 2211 adi-orsos
359 2163 475 2200 habeo
495 2178 503 2200 :
535 2162 596 2212 qui
626 2162 711 2199 mihi
741 2171 851 2212 atque
871 2162 987 2198 auimo
1008 2176 1088 2199 meo
1108 2161 1239 2202 nullius
