1497 2689
192 286 245 322 16
394 281 711 323 SALLUSTII
741 282 1052 324 CATILINA.

187 394 267 432 Nos
286 408 366 431 eam
384 409 457 433 rem
478 396 514 432 in
535 395 655 432 medio
681 395 938 446 relinquemus.
997 397 1060 435 De
1083 396 1267 448 superiore

186 461 435 511 conjuratione
455 461 541 497 satis
562 460 716 497 dictum.

238 589 333 627 XX.
356 589 574 627 CATiLINA
592 589 655 627 ubi
675 604 750 634 eos,
771 604 864 640 quos
884 590 1008 640 paullo
1028 599 1111 627 ante
1131 590 1272 628 memo<-

183 654 270 698 ravi,
302 655 510 692 convenisse
529 655 657 700 videt3
687 655 832 692 tametsi
863 669 948 691 cum
974 654 1124 707 singulis
1150 655 1268 692 multa

182 731 288 768 saepe
319 728 458 770 egerat,
490 728 609 756 tamen
638 720 674 756 in
694 733 769 756 rem
798 718 876 756 fore
905 720 1053 756 credens
1082 720 1268 758 universos

181 782 363 832 adpellare
382 792 420 820 et
440 783 639 828 cohortari,
658 784 694 820 in
709 784 872 821 abditam
891 793 1034 833 partem
1049 784 1194 822 aedium
1213 798 1269 821 se-

180 849 279 885 cedit
298 864 309 894 ;
337 858 448 898 atque
469 849 532 893 ibi,
553 849 720 886 omnibus
740 848 883 886 arbitris
903 849 1034 899 procul
1053 849 1198 893 amotis,
1226 863 1268 885 o-

180 913 357 949 rationem
376 913 627 964 hujuscemodi
648 913 790 950 habuit.
850 920 875 938 “
897 913 948 950 Ni
967 913 1081 950 virtus
1101 912 1265 963 fidesque

179 988 298 1016 vestra
318 988 483 1028 spectata
503 979 590 1015 mihi
611 978 746 1023 forent,
776 979 1024 1029 nequidquam
1054 987 1268 1033 opportuna

178 1058 234 1080 res
263 1043 480 1087 cecidisset3
511 1057 591 1092 spes
620 1057 764 1094 magna,
794 1044 1009 1088 dominatio,
1038 1044 1074 1080 in
1098 1044 1265 1082 manibus

178 1105 314 1143 frustra
343 1106 495 1143 fuissent
513 1122 522 1144 :
555 1121 671 1156 neque
691 1121 763 1158 ego
790 1122 855 1156 per
874 1108 1069 1158 ignaviam,
1090 1117 1154 1144 aut
1175 1122 1264 1146 vana

177 1171 335 1221 ingenia,
368 1171 506 1207 incerta
539 1186 607 1221 pro
641 1172 748 1207 certis
783 1180 981 1221 captarem.
1056 1172 1143 1216 Sed,
1177 1173 1264 1222 quia

178 1236 302 1273 multis
330 1246 367 1273 et
396 1236 537 1287 magnis
566 1236 848 1286 tempestatibus
867 1251 931 1273 vos
959 1237 1118 1288 cognovi
1146 1236 1264 1275 fortes

178 1301 345 1350 fidosque
367 1301 468 1345 mihi,
489 1315 532 1338 eo
546 1301 685 1338 animus
697 1314 805 1338 ausus
821 1315 1035 1340 maxumum
1052 1312 1165 1352 atque
1180 1303 1264 1353 pul-

177 1365 409 1402 cherrumum
429 1364 569 1402 facinus
594 1366 753 1415 incipere
771 1381 781 1403 :
813 1365 932 1410 simul,
962 1367 1048 1416 quia
1068 1367 1184 1411 vobis,
1204 1381 1263 1404 ea-

177 1430 258 1467 dem
287 1430 389 1473 mihi,
418 1430 514 1466 bona
533 1429 699 1480 malaque
727 1429 919 1475 intellexi3
950 1444 1031 1467 nam
1055 1431 1152 1468 idem
1171 1431 1262 1469 velle

176 1504 287 1544 atque
307 1494 415 1538 nolle,
435 1507 477 1530 ea
497 1494 643 1530 demum
663 1494 764 1531 firma
788 1495 946 1532 amicitia
965 1503 1034 1532 est.
1095 1495 1169 1532 Sed
1188 1509 1264 1546 ego

175 1574 270 1611 quae
290 1570 409 1597 mente
429 1560 579 1611 agitavi,
600 1574 724 1598 omnes
739 1563 814 1612 jam
829 1571 934 1598 antea
949 1561 1079 1598 diversi
1093 1561 1260 1600 audistis.

176 1627 351 1664 Ceterum
370 1626 458 1662 mihi
480 1626 515 1661 in
537 1625 612 1663 dies
632 1626 748 1677 magis
768 1627 907 1663 animus
928 1626 1154 1671 accenditur,
1174 1640 1262 1669 cum

175 1692 377 1735 considero,
398 1705 490 1740 quae
510 1691 674 1728 conditio
690 1691 784 1728 vitae
804 1690 929 1728 futura
949 1691 1008 1735 sit,
1029 1691 1095 1728 nisi
1115 1700 1260 1729 nosmet

174 1757 243 1806 ipsi
263 1756 485 1793 vindicamus
504 1755 539 1791 in
558 1754 778 1792 libertatem.
837 1755 947 1800 Nam,
967 1764 1166 1805 postquam
1185 1770 1260 1793 res-

174 1820 323 1871 publica
350 1821 384 1856 in
412 1833 614 1869 paucorum
642 1822 701 1871 jus
735 1828 846 1869 atque
866 1820 1042 1857 ditionem
1061 1820 1258 1864 concessit,

174 1901 315 1937 semper
333 1886 402 1923 illis
422 1900 539 1938 reges,
560 1886 764 1922 tetrarchae
783 1885 980 1937 vectigales
994 1900 1090 1931 esse3
1110 1886 1258 1936 populi,

173 1951 337 1988 nationes
366 1951 547 2000 stipendia
574 1951 760 2000 pendere3
791 1951 901 1987 ceteri
930 1965 1068 1995 omnes,
1103 1951 1255 1996 strenui,

176 2017 274 2060 boni,
303 2016 440 2053 nobiles
469 2025 580 2065 atque
608 2015 802 2066 ignobiles,
835 2015 968 2066 vulgus
1000 2015 1150 2060 fuimus,
1180 2017 1256 2054 sine

174 2081 304 2131 gratia,
334 2081 406 2117 siue
427 2080 662 2123 auctoritate,
692 2079 747 2116 his
767 2080 930 2125 obnoxii,
961 2080 1108 2131 quibus,
1134 2080 1163 2117 si
1182 2095 1257 2118 res-

175 2145 322 2196 publica
350 2145 498 2190 valeret,
533 2144 716 2182 formidini
744 2159 914 2183 essemus.
976 2146 1109 2198 Itaque
1137 2146 1255 2185 omnis
