1451 2719
294 299 607 339 SALLUSTII
636 291 1024 340 FRAGMENTA.
1126 302 1200 341 197

134 412 370 450 tentationem
389 412 602 449 histrionum
618 413 824 451 fabricatis:
849 412 953 450 simul
971 425 1083 448 croco
1103 425 1202 460 spar-

133 489 170 514 sa
202 475 344 520 humus,
373 485 411 513 et
441 477 506 513 alia
543 477 576 513 in
615 479 762 514 modum
794 475 919 526 templi
952 474 1199 513 celeberrumi.

133 540 336 583 Paete-u,
354 553 437 577 cum
457 541 609 584 sedenti,
628 550 816 579 transenna
834 540 1040 583 demissum,
1070 539 1203 576 Victo-

132 604 202 640 riae
222 603 462 650 simulacrum,
482 619 566 642 cum
585 607 789 643 machinato
810 604 965 654 strepitu
983 603 1200 648 tonitruum,

132 680 302 704 coronam
321 669 431 718 capiti
450 670 658 719 imponebat
675 685 685 715 3
705 679 784 707 tum
800 667 953 705 venienti
972 667 1092 710 thure,
1113 681 1202 716 qua-

134 730 162 766 si
183 731 282 775 Deo,
303 732 586 782 supplicabatur.
643 733 756 784 Toga
769 733 867 782 picta
886 731 1097 782 plerumque
1117 730 1205 766 ami-

131 793 217 831 culo
245 805 323 832 erat
349 797 383 833 ei
416 798 642 834 accumbenti
664 812 674 834 z
717 797 844 847 epulae
881 795 1201 846 quaesitissumae;

133 873 249 909 neque
268 875 333 910 per
351 875 493 898 omnem
509 862 618 898 modo
638 861 870 912 provinciam,
891 860 952 897 sed
967 868 1064 896 trans
1079 859 1203 903 maria,

131 937 177 960 ex
199 923 420 961 Mauritania
439 925 625 963 volucrum
652 935 691 963 et
719 924 873 962 ferarum
893 923 1081 974 incognita
1100 932 1205 960 antea

132 987 236 1037 plura
254 1003 385 1040 genera
407 1004 416 1026 :
448 990 578 1039 quibus
597 990 703 1027 rebus
720 989 940 1039 aliquantam
961 998 1101 1038 partem
1122 987 1205 1039 glo-

133 1051 204 1088 riae
220 1052 412 1097 demserat,
432 1066 596 1091 maxume
615 1054 712 1104 apud
726 1062 864 1091 veteres
882 1063 920 1090 et
939 1061 1082 1090 sanctos
1098 1052 1204 1096 viros,

134 1116 289 1164 superba
303 1116 374 1161 illa,
387 1117 520 1168 gravia,
533 1118 681 1168 indigna
699 1118 747 1154 R.
763 1118 914 1167 imperio
929 1117 1020 1153 exist
1027 1125 1204 1153 umantes.

132 1177 304 1217 Macrob.
338 1181 480 1219 Saturn-
509 1181 566 1218 lib.
586 1182 636 1219 iii.
663 1190 741 1233 cap.
767 1184 827 1218 13.
871 1181 966 1218 Non.
1015 1181 1205 1232 Sosipater,

132 1245 190 1282 lib.
210 1246 234 1282 i.

190 1308 392 1357 Ruuntque
419 1321 501 1357 pars
520 1321 651 1359 magna
670 1308 831 1352 suismet,
860 1316 923 1344 aut
943 1320 1204 1357 proxumorum

131 1371 227 1415 telis,
247 1371 359 1408 ceteri
377 1371 453 1408 vice
471 1385 646 1422 pecorum
665 1373 942 1409 obtruncantur.
1000 1373 1095 1409 Non.

188 1435 392 1473 occurrere
411 1435 508 1480 duci,
538 1445 575 1472 et
603 1435 779 1485 proelium
798 1435 1007 1478 accendere,
1040 1436 1131 1472 adeo
1151 1434 1205 1472 uti

136 1499 292 1537 Metello
311 1499 347 1535 in
367 1512 507 1550 sagum,
540 1498 728 1536 Hirtuleio
751 1500 786 1536 in
801 1498 1004 1542 brachium,
1021 1498 1093 1536 tela
1112 1498 1207 1536 veni-

134 1572 227 1600 rent.
283 1563 392 1601 Idem.

185 1627 392 1676 Avidisque
411 1626 474 1671 ita,
493 1627 732 1677 promtisque‚
755 1626 924 1671 ducibus,
954 1626 1007 1663 uti
1028 1625 1203 1665 Metellus

133 1691 210 1729 ictu
229 1690 392 1742 tragulae
415 1691 645 1727 sauciaretur.
703 1691 811 1729 Idem.
1065 1711 1068 1714 -

188 1756 263 1794 Sed
282 1755 457 1794 Metellus
476 1756 511 1792 in
532 1755 686 1793 vulnere.
720 1757 819 1794 Don.
834 1765 901 1793 act.
918 1771 956 1793 v.
972 1770 1020 1793 sc.
1038 1759 1074 1793 2.
1105 1755 1203 1793 And.

187 1820 310 1858 Primo
329 1820 457 1857 incidit
485 1819 580 1857 forte
608 1834 674 1870 per
697 1828 843 1857 noctem
862 1820 896 1856 in
917 1818 1112 1856 renunculo
1131 1819 1207 1869 pis-

134 1884 261 1923 cantis.
317 1885 413 1922 Non.

187 1949 257 1987 Ad
276 1949 346 1986 hoc
365 1962 480 1999 pauca
498 1949 667 1998 piraticae
686 1949 852 2001 adjungit
872 1949 1030 1987 actuaria
1049 1949 1202 2001 navigia.

135 2013 232 2054 Idem
251 2015 285 2050 in
304 2013 483 2051 Piraticae
500 2013 690 2051 naviculae.
1028 2055 1032 2057 ,

189 2079 323 2118 Omnia
337 2087 475 2116 sacrata
488 2091 641 2128 corpora
655 2079 690 2115 in
705 2087 817 2116 ratem
831 2078 1053 2129 imposuisse.
1083 2079 1196 2118 Arus.

191 2144 286 2183 Suos
303 2144 443 2195 equites
462 2143 629 2184 hortatus
647 2143 739 2183 vado
758 2145 983 2185 transmittit.
1040 2145 1147 2186 Idem.
