1451 2719
296 285 612 326 SALLUSTII
643 286 1034 326 FRAGMENTA.
1134 291 1207 328 185

123 397 289 438 exercitu
317 398 471 449 adeptus
501 407 569 436 est.
628 399 729 449 Quid
757 398 814 436 ille
844 399 892 435 ob
925 398 1115 436 benefacta
1143 414 1201 438 ce-

122 464 248 515 pisset,
285 465 388 515 cujus
425 462 618 500 sceleribus
657 472 757 500 tanta
796 462 951 513 praemia
988 463 1200 502 tribuistis?

122 527 185 566 At
214 527 355 566 scilicet
387 539 462 571 eos,
496 527 571 578 qui,
605 528 649 564 ad
683 538 906 578 postremum
941 540 1068 577 usque,
1102 526 1201 579 lega-

121 602 192 638 tos,
230 606 371 643 pacem,
403 592 649 635 concordiam,
680 600 718 629 et
751 591 818 628 alia
851 591 1101 642 hujuscemodi
1136 592 1199 629 de-

121 667 326 701 creverunt,
346 656 501 708 gratiam
520 656 565 693 ab
585 670 628 692 eo
649 654 840 705 peperisse.
900 654 995 698 Imo,
1017 655 1196 705 despecti,

118 730 158 760 et
176 721 316 773 indigni
338 720 523 772 republica
548 720 676 764 habiti,
706 719 858 769 praedae
885 718 969 756 loco
998 728 1200 756 aestuman-

118 794 208 830 tur;
239 785 375 836 quippe
404 794 503 821 metu
533 798 659 834 pacem
687 792 906 833 repetenteS,
936 797 1009 832 quo
1036 783 1197 820 habitam

119 849 324 886 amiserant.
397 848 581 898 Equidem
613 861 634 884 a
665 847 858 898 principio,
891 860 975 884 cum
1011 847 1199 885 Etruriam

117 915 318 964 conjurare,
348 912 574 962 proscriptos
607 910 785 954 accersiri,
818 910 1072 962 largitionibus
1106 925 1198 949 rem-

116 975 302 1027 publicam
328 975 488 1019 lacerari,
520 976 698 1018 videbam,
726 973 980 1011 maturandum
1006 975 1195 1024 putabam,

115 1051 154 1078 et
175 1040 298 1079 Catuli
313 1040 460 1078 consilia
475 1054 559 1077 cum
579 1039 702 1089 paucis
718 1049 864 1077 secutus
880 1053 970 1076 sum.
1020 1040 1194 1078 Ceterum

115 1103 180 1148 illi,
201 1104 263 1154 qui
279 1104 398 1156 gentis
417 1103 599 1141 Aemiliae
618 1102 810 1140 benefacta
824 1103 1065 1148 extollebant,
1085 1113 1122 1141 et
1139 1104 1197 1156 ig-

116 1168 298 1207 noscendo
314 1167 441 1218 populi
465 1167 621 1204 Romani
636 1167 922 1217 magnitudinem
937 1167 1091 1212 auxisse,
1112 1182 1196 1207 nus-

117 1245 227 1284 quam
245 1232 354 1269 etiam
370 1241 449 1268 tum
469 1231 656 1281 Lepidum
675 1245 907 1282 progressum
922 1232 1063 1269 aiebant
1080 1248 1089 1271 :
1111 1247 1196 1270 cum

114 1297 255 1348 privata
286 1310 383 1334 arma
415 1296 678 1347 opprimundae
710 1295 887 1333 libertatis
921 1297 1091 1346 cepisset,
1128 1298 1195 1335 sibi

115 1361 268 1415 quisque
300 1375 387 1412 opes
401 1371 478 1398 „aut
512 1360 713 1411 patrocinia
747 1361 968 1411 quaerendo,
1002 1362 1193 1400 consilium

114 1425 303 1476 publicum
322 1434 576 1475 corruperunt.
634 1424 818 1462 Attamen
839 1434 915 1462 erat
945 1426 1113 1476 Lepidus
1142 1427 1194 1464 la-

113 1499 172 1528 tro
200 1503 284 1527 cum
312 1488 498 1527 calonibus
519 1498 555 1526 et
585 1489 712 1538 paucis
737 1489 883 1533 sicariis,
911 1504 1067 1540 quorum
1088 1506 1193 1529 nemo

114 1554 242 1591 diurna
262 1554 425 1591 mercede
447 1553 556 1590 vitam
575 1553 767 1590 mutaverit
786 1568 794 1590 :
826 1567 922 1590 nunc
941 1563 995 1591 est
1018 1569 1085 1604 pro
1107 1570 1194 1592 con-

118 1618 195 1656 sule
214 1632 298 1655 curn
318 1617 482 1668 imperio,
503 1631 572 1654 non
593 1627 706 1661 emt0,
735 1618 796 1654 sed
817 1618 904 1655 dato
924 1632 944 1655 a
963 1620 1079 1664 vobis,
1108 1634 1193 1659 cum

113 1682 244 1735 legatis
263 1682 382 1719 adhuc
397 1685 477 1734 jure
497 1682 729 1732 parentibus:
759 1691 796 1719 et
816 1683 861 1719 ad
880 1669 961 1720 eum
978 1698 1193 1724 concurrere

113 1748 276 1785 homines
297 1747 458 1784 omnium
481 1747 648 1784 ordinum
677 1747 966 1797 corruptissumi,
997 1749 1192 1801 flagrantes

112 1812 234 1862 inopia
247 1821 285 1849 et
299 1811 544 1862 cupidinibus,
565 1810 738 1848 scelerum
753 1813 973 1850 conscientia
988 1815 1188 1866 exagitati;

111 1877 244 1929 quibus
271 1877 373 1928 quies
400 1876 434 1913 in
463 1876 716 1920 seditionibus,
750 1876 786 1912 in
814 1890 904 1926 pace
932 1879 1061 1916 turbae
1090 1888 1187 1918 sunt.

114 1941 172 1980 Hi
198 1941 399 1979 tumultum
417 1954 462 1978 ex
489 1939 664 1984 tumultu,
692 1939 827 1977 bellum
847 1955 891 1978 ex
911 1941 1022 1987 bello,
1048 1952 1189 1989 serunt,

114 2005 300 2044 Saturnini
320 2005 420 2049 olim,
450 2014 534 2055 post
555 2004 724 2054 Sulpicii,
753 2005 834 2042 dein
856 2004 966 2042 Marii
992 2007 1192 2059 Damasip-

112 2071 238 2121 pique,
268 2084 362 2108 nunc
392 2070 528 2120 Lepidi
558 2068 741 2106 satellites.
800 2070 991 2108 Praeterea
1025 2072 1188 2118 Etruria,

112 2144 222 2188 atque
240 2148 365 2174 omnes
384 2134 554 2186 reliquiae
581 2133 666 2172 belli
686 2144 871 2173 arrectae:
903 2135 1105 2187 Hispaniae
1132 2152 1191 2177 ar-.

604 2198 698 2239 Aa
