1497 2689
179 290 230 326 94
376 286 690 328 SALLUSTII
719 288 1061 328 JUGURTHA.

175 398 308 444 omnia,
328 413 436 449 penes
455 413 592 448 paucos
612 409 739 446 erant3
768 415 832 438 vos
850 409 984 445 autem,
1004 400 1075 437 hoc
1093 407 1163 444 est,
1182 413 1251 450 po-

174 464 281 515 pulus
318 465 519 509 Romanus,
557 464 681 502 invicti
714 466 759 502 ab
795 465 976 509 hostibus,
1014 465 1250 515 imperatores

174 531 334 567 omnium
363 531 541 582 gentium,
570 530 654 567 satis
683 531 870 568 habebatis
897 531 1049 568 animam
1068 530 1219 568 retinere
1237 546 1248 568 ε

173 608 255 630 nam
280 595 489 631 servitutem
509 594 655 644 quidem
675 595 753 644 quis
774 603 930 631 vestrum
958 608 1122 632 recusare
1141 595 1251 631 aude-

172 658 236 695 bat
255 659 267 696 ?
322 659 455 708 Atque
475 672 560 710 eg0,
589 667 708 696 tamen
729 659 797 696 etsi
816 659 891 694 viro
920 659 1251 709 flagitiosissumum

172 724 352 760 existumo
374 724 519 772 impune
539 723 705 774 injuriam
726 723 920 773 accepisse,
948 731 1082 767 tamen,
1102 737 1165 760 vos
1184 723 1252 759 ho-

173 788 328 825 minibus
342 787 632 824 sceleratissumis
647 788 848 838 ignoscere,
861 787 1030 837 quoniam
1045 786 1140 824 cives
1153 794 1251 830 sunt,

172 866 289 901 aequo
318 853 436 888 animo
465 860 620 901 paterer,
650 852 715 888 nisi
736 851 980 888 misericordia
997 851 1033 887 in
1053 851 1249 901 perniciem

172 930 297 953 casura
316 925 422 953 esset.
481 916 577 953 Nam
597 925 634 953 et
653 915 734 960 illis,
764 924 941 966 quantum
961 913 1251 965 importunitatis

172 982 322 1025 habent,
353 995 480 1031 parum
506 991 561 1018 est
590 981 735 1031 impune
755 980 846 1017 male
865 979 1006 1023 fecisse,
1035 979 1100 1016 nisi
1120 978 1251 1015 deinde

171 1046 331 1084 faciundi
349 1046 494 1084 licentia
513 1046 689 1096 eripitur3
709 1054 746 1082 ct
762 1045 864 1082 vobis
884 1053 1027 1082 aeterna
1042 1043 1252 1080 sollicitudo

171 1113 383 1156 remanebit,
405 1126 489 1149 cum
504 1110 736 1161 intellegetis,
756 1119 820 1146 aut
835 1109 1064 1146 serviundum
1079 1122 1168 1152 esse,
1188 1116 1252 1144 aut

172 1191 236 1225 per
264 1190 389 1213 manus
417 1175 620 1212 libertatem
650 1174 884 1211 retinendam.
943 1173 1039 1210 Nam
1067 1171 1151 1208 fidei
1172 1173 1253 1221 qui-

172 1241 267 1284 dem,
288 1250 350 1277 aut
370 1240 597 1284 concordiae,
619 1253 710 1288 quae
727 1239 831 1288 spes?
851 1237 1025 1274 dominari
1045 1236 1094 1273 illi
1110 1235 1251 1280 volunt,

172 1319 236 1341 vos
263 1304 365 1341 liberi
394 1318 497 1349 esse3
527 1303 643 1340 facere
671 1303 721 1339 illi
750 1302 908 1354 injurias,
937 1315 999 1338 vos
1029 1300 1248 1350 prohibere:

173 1378 358 1419 postremo
380 1369 483 1405 sociis
502 1368 626 1405 vestris
649 1367 757 1404 veluti
776 1367 957 1409 hostibus,
987 1365 1154 1402 hostibus
1181 1379 1250 1414 pro

173 1434 278 1471 sociis
299 1442 463 1470 utuntur.
523 1433 698 1469 Potestne
727 1431 761 1467 in
790 1440 866 1466 tarn
894 1429 1043 1466 divorsis
1069 1428 1251 1465 mentibus

172 1512 258 1548 pax,
288 1506 350 1534 aut
379 1496 548 1540 amicitia,
577 1510 652 1532 esse
675 1496 686 1533 ?
743 1496 866 1544 Quare
886 1507 1016 1530 moneo
1035 1493 1251 1542 hortorque,

173 1577 216 1599 ne
235 1571 377 1598 tantum
401 1560 516 1599 scelus
538 1559 755 1609 impunitum
774 1558 964 1595 omittatis.
1023 1558 1110 1595 Non
1139 1570 1252 1606 pecu-

171 1627 265 1663 latus
284 1625 406 1662 aerarii
426 1625 545 1662 factus
564 1633 632 1668 est,
662 1638 778 1674 neque
804 1637 870 1673 per
889 1623 959 1658 vim
980 1622 1085 1659 sociis
1104 1630 1251 1671 ereptae

172 1692 372 1740 pecuniae:
403 1703 508 1739 quae,
537 1702 756 1738 quamquam
784 1687 920 1739 gravia,
948 1695 1068 1723 tamen
1096 1699 1251 1722 consue·

172 1754 297 1791 tudine
326 1756 400 1805 jam
432 1767 499 1802 pro
532 1752 643 1789 nihilo
671 1753 864 1790 habentur.
923 1750 1040 1787 Hosti
1058 1763 1246 1787 acerrumo

171 1819 318 1868 prodita
347 1817 459 1854 senati
492 1816 704 1859 auctoritas,
736 1815 923 1865 proditum
956 1814 1145 1865 imperium
1174 1828 1252 1850 ves-

172 1894 269 1921 trum
298 1898 307 1920 :
356 1882 454 1919 domi
492 1881 712 1930 militiaeque
756 1879 961 1930 respublica
998 1879 1128 1916 venalis
1166 1878 1249 1915 fuit.

175 1950 278 1997 Quae
307 1947 373 1983 nisi
400 1946 561 1996 quaesita
587 1954 706 1989 erunt,
736 1945 771 1981 ni
791 1945 1013 1981 vindicatum
1041 1943 1077 1979 in
1107 1943 1251 1988 noxios,

174 2013 261 2062 quid
281 2011 471 2060 reliquum,
492 2010 556 2047 nisi
576 2019 616 2047 ut
636 2009 717 2053 illis,
739 2009 800 2059 qui
820 2022 861 2045 ea
879 2008 1010 2052 fecere,
1039 2008 1251 2044 obedientes

174 2076 355 2113 vivamus?
375 2089 457 2111 nam
472 2075 617 2124 impune
633 2088 724 2124 quae
740 2074 829 2110 libet
845 2073 976 2117 facere,
995 2072 1033 2109 id
1051 2080 1107 2109 est
1127 2085 1251 2122 regem

174 2155 263 2177 csse.
321 2140 453 2189 Neque
473 2153 557 2190 egO,
579 2138 756 2188 Quirites,
778 2139 921 2183 hortor,
941 2146 983 2176 ut
1001 2136 1145 2183 malitis,
1166 2136 1251 2175 civis
