1497 2689
167 296 218 331 52
370 292 684 331 SALLUSTII
713 294 1020 334 CATILINA.

171 418 255 446 cum
276 404 456 450 factioso3
488 405 551 442 sed
569 419 652 442 cum
673 414 819 445 strenuo
834 407 983 452 virtute,
1007 421 1091 445 cum
1111 407 1254 449 modes·

169 479 209 508 to
229 471 383 522 pudore,
403 484 487 508 curn
506 470 698 508 innocente
714 471 931 510 abstinentia
946 473 1111 511 certabat
1129 488 1139 512 z
1161 487 1252 523 esse,

169 549 279 586 quam
299 535 422 579 videri,
450 535 567 572 bonus
588 534 757 572 malebat.
817 536 890 581 Ita,
918 551 993 587 quo
1022 537 1140 575 minus
1171 537 1254 590 glo,-

170 599 259 638 riam
277 600 441 650 petebat,
470 613 514 636 eo
535 600 650 650 magis
670 599 904 650 sequebatur.

226 727 315 765 LV.
362 728 620 772 POSTQUAM,
659 736 700 765 ut
733 728 824 772 dixi,
860 738 1003 767 senatus
1035 728 1069 765 in
1102 718 1253 768 Cato'nis

171 791 383 830 sententiam
403 792 580 836 discessit,
609 792 735 829 consul
767 803 961 843 optumum
979 793 1119 830 factum
1138 804 1253 838 ratus,

171 865 329 900 noctem,
350 869 442 905 quae
461 855 633 900 instabat,
663 866 889 906 antecapere,
906 872 948 894 ne
968 858 1056 907 quid
1074 872 1118 894 eo
1135 858 1253 908 spatio

171 929 375 963 novaretur,
404 920 622 964 triumviros,
653 934 744 970 quae
778 921 998 971 supplicium
1025 922 1253 973 postulabat,

174 998 299 1034 parare
327 985 461 1036 jubet:
492 985 581 1034 ipse,
611 985 793 1035 dispositis
821 986 1017 1035 praesidiis,
1049 986 1254 1024 Lentulum

171 1049 205 1085 in
227 1063 406 1086 carcerem
427 1050 573 1086 deducit
594 1064 602 1087 :
634 1050 729 1086 idem
761 1050 803 1086 fit
823 1051 951 1088 ceteris
971 1065 1036 1101 per
1053 1062 1250 1101 praetoreS.

170 1114 241 1150 Est
259 1113 362 1150 locus
382 1113 417 1149 in
437 1127 591 1157 carcere,
621 1114 720 1163 quod
739 1114 952 1151 Tullianum
977 1115 1192 1165 adpellatur,
1212 1130 1254 1152 u-

166 1179 204 1216 bi
222 1178 423 1228 paullulum
442 1178 641 1215 escenderis
661 1179 707 1214 ad
726 1178 874 1222 laevam,
894 1180 1038 1216 circiter
1052 1180 1250 1218 duodecim

167 1244 277 1293 pedes
297 1244 398 1280 humi
418 1244 620 1293 depressus.
679 1243 778 1280 Eum
798 1244 965 1280 muniunt
996 1244 1155 1294 undique
1189 1259 1253 1294 pa-

166 1309 285 1352 rietes,
313 1317 423 1358 atque
443 1308 588 1358 insuper
608 1322 760 1352 camera,
780 1308 929 1359 lapideis
942 1308 1140 1348 fornicibus
1156 1310 1253 1348 vinc-

166 1381 228 1410 ta:
259 1373 322 1410 sed
341 1372 495 1416 incultu,
525 1373 694 1416 tenebris,
711 1373 836 1417 odore,
858 1372 965 1410 foeda
980 1383 1090 1423 atque
1110 1375 1253 1412 terribi-

166 1437 209 1474 lis
228 1440 303 1489 ejus
324 1436 433 1473 facies
452 1445 519 1473 est.
553 1437 596 1473 In
617 1450 699 1473 eum
719 1436 841 1473 locum
861 1447 1057 1487 postquam
1077 1439 1252 1477 demissus

169 1501 365 1545 Lentulus,
408 1500 540 1550 quibus
573 1509 811 1551 praeceptum
843 1510 933 1546 erat,
961 1501 1091 1551 laqueo
1126 1502 1252 1554 gulam

167 1568 320 1619 fregere.
381 1567 441 1603 Ita
458 1566 517 1603 ille
530 1566 716 1616 patricius,
737 1581 780 1604 ex
801 1567 1007 1605 clarissuma
1026 1577 1136 1619 gente
1157 1570 1257 1607 Cor-⁴

167 1632 356 1675 uelim-um,
386 1631 447 1681 qui
467 1630 653 1668 consulare
673 1631 862 1681 imperium
885 1632 1025 1670 Romae
1058 1633 1251 1677 habuerat,

168 1697 321 1748 dignum
340 1696 500 1733 moribus
520 1694 699 1745 factisque
719 1696 791 1732 suis
810 1685 949 1733 exitum
976 1697 1070 1734 vitae
1102 1696 1249 1734 invenit.

170 1762 232 1799 De
266 1761 453 1811 CethegO,
499 1759 659 1803 Statilio,
691 1760 865 1805 Gabinio,
895 1762 1089 1812 Coepario,
1122 1762 1251 1803 eodem

169 1826 277 1862 modo
299 1825 517 1875 supplicium
537 1833 708 1862 sumtum.
1305 1821 1308 1823 Α

222 1955 336 1993 LVI.
367 1955 476 1992 Dum
500 1968 540 1991 ea
563 1954 704 1991 Romae
724 1963 915 2005 geruntur,
936 1955 1095 1995 Catilina
1112 1970 1156 1993 ex
1173 1971 1252 2004 om7

168 2021 202 2057 ni
223 2020 341 2070 copia,
371 2033 478 2068 quarn
499 2027 535 2055 et
556 2018 631 2068 ipse
652 2019 866 2063 adduxerat,
894 2028 931 2057 et
954 2019 1114 2062 Manlius
1134 2021 1252 2058 habu-

168 2095 257 2128 erat,
286 2085 373 2121 duas
388 2083 549 2134 legiones
583 2083 769 2128 institnit3
799 2084 970 2122 cohortes
1001 2099 1068 2135 pro
1102 2099 1251 2133 numero

169 2150 322 2188 militum
351 2148 538 2198 complet:
570 2148 711 2192 deinde,
754 2157 795 2186 ut
830 2149 981 2199 quisque
1015 2150 1249 2213 voluntarius3
