1451 2719
265 278 578 320 SALLUSTII
625 272 1010 319 FRAGMENTA.
1096 279 1174 317 ‘229

107 392 310 437 Sallustius,
330 405 414 429 curn
433 405 519 429 cura
537 392 743 436 dicendum,
763 405 870 442 quam
891 391 991 443 quod
1009 391 1044 428 in
1065 391 1175 428 mani-

106 458 175 495 bus
193 465 260 494 est.
317 458 438 494 Seneca
460 457 579 508 ΒεηςῘ.
600 459 651 494 iv.
678 460 709 494 l.

161 521 370 559 Turbinum
399 530 520 558 motus
540 534 652 572 vagus
673 529 743 564 est,
771 529 807 557 et
828 520 1014 571 disjectus,
1041 527 1093 564 et,
1122 519 1177 556 uti

111 584 271 623 Sallustii
290 585 406 622 verbis
426 594 520 628 utar,
550 584 775 629 vorticosus3
804 593 1028 621 cometarum
1055 592 1178 620 autem

107 649 345 700 compositu8‚
364 658 401 686 et
420 658 560 686 certum
579 648 647 685 iter
665 660 827 698 carpens,
880 647 971 685 Idem
991 649 1082 685 Nat.
1107 649 1176 699 Qu.

109 717 175 753 vii.
198 718 233 752 8.

165 779 371 823 Sallustius,
391 788 520 816 auctor
537 778 782 823 certissumus,
809 779 933 816 asserit
966 778 1113 829 Tigrim
1141 787 1181 815 et

113 845 344 894 Euphratem
372 856 444 880 uno
471 841 573 879 fonte
592 855 733 879 manare
752 842 786 879 in
807 842 997 886 Armenia,
1025 842 1101 893 qui,
1117 856 1182 892 per

113 910 250 946 diversa
265 917 404 951 euntes,
424 907 568 958 longius
592 906 808 951 dividantur,
837 907 954 956 spatio
983 907 1100 944 medio
1129 920 1184 944 re-

114 973 202 1010 licto
222 971 419 1009 multorum
438 970 614 1016 millium;
643 984 734 1021 quae
754 980 875 1008 tamen
894 980 1002 1015 terra,
1025 984 1117 1021 quae
1137 972 1183 1007 ab

112 1037 199 1087 ipsis
217 1036 388 1079 ambitur,
410 1034 680 1085 Mesopotamia
702 1034 848 1072 dicitur.
916 1034 1022 1079 Idem,
1049 1044 1079 1072 et
1098 1036 1182 1072 lsid.

114 1102 189 1137 xiii.
215 1100 254 1137 V
253 1100 297 1136 ib.
320 1101 468 1150 Sequest.
488 1108 517 1135 et
537 1099 682 1137 Hieron.
703 1098 743 1135 de
761 1098 822 1135 loc.
843 1096 933 1136 Heb.

169 1162 352 1206 Pelonim,
371 1162 662 1212 promontorium
684 1161 826 1199 Siciliae
841 1162 1032 1212 respiciens
1047 1162 1187 1212 aquilo-

49 1247 58 1256 ·
116 1240 211 1271 nem,
227 1229 333 1278 juxta
355 1225 566 1263 Sallustium
581 1225 720 1262 dictum
740 1239 760 1261 a
779 1226 1022 1276 gubernatore
1044 1226 1188 1263 Hanni-

116 1290 205 1327 balis
223 1290 296 1327 illie
316 1289 473 1339 sepult0‚
493 1289 555 1338 qui
570 1288 687 1326 fuerat
704 1289 844 1326 occisus
864 1301 928 1339 per
947 1289 1186 1340 ignorantiam

118 1357 227 1408 regis,
243 1362 327 1393 cum
341 1369 378 1392 se
392 1357 467 1406 ejus
483 1353 568 1391 dolo
583 1354 745 1392 crederet
761 1367 836 1392 esse
851 1355 1058 1406 deceptum.
1084 1358 1185 1394 Serv.

116 1430 146 1457 et
166 1419 291 1458 Isidor.

171 1483 379 1526 Aristaeus,
408 1483 461 1519 uti
491 1481 684 1520 Sallustius
711 1484 834 1528 docet,
863 1489 948 1534 post
977 1484 1148 1523 laniatum
1169 1500 1190 1524 a

119 1548 268 1586 canibus
288 1547 534 1590 Actaeonem,
555 1546 682 1591 filium,
702 1548 827 1584 matris
844 1549 1020 1586 instinctu
1039 1549 1191 1588 Thebas

122 1611 280 1663 reliquit,
307 1616 344 1648 et
373 1611 486 1648 Ceam
507 1610 658 1647 insulam
687 1612 817 1656 tenuit,
846 1613 964 1662 primo
985 1613 1105 1651 adhuc
1126 1615 1194 1652 ho-

123 1677 277 1714 minibus
306 1689 483 1712 vacuam:
513 1680 654 1725 postea,
687 1681 728 1712 ea
747 1675 886 1720 relicta,
911 1690 995 1714 cum
1024 1677 1193 1716 Daedalo

124 1742 158 1778 in
181 1734 379 1778 Sardiniam
391 1739 566 1782 transivit,
582 1748 665 1789 post
682 1739 825 1778 delatus
835 1750 889 1778 est
910 1742 1056 1780 Cumas.
1089 1745 1192 1782 Serv.

180 1804 372 1842 Sallustius
401 1804 510 1840 duces
536 1802 674 1847 laudat,
705 1804 766 1853 qui
790 1805 978 1843 victoriam
1005 1806 1196 1846 incruento

124 1868 288 1906 exercitu
307 1868 558 1917 deportarunt.
614 1867 717 1904 Idem.

180 1934 292 1972 Cares
311 1931 459 1969 insulani
483 1931 612 1982 populi
629 1931 788 1976 fuerunt,
818 1933 1003 1983 piraticam
1028 1942 1199 1974 exerceti-

128 2007 196 2041 tes‚
222 1996 369 2040 famosi,
385 1996 471 2033 victi
491 2009 511 2032 a
531 1995 671 2040 Minoe,
700 1997 755 2033 usi·
775 1996 969 2036 Sallustius
986 2005 1022 2036 et
1042 1992 1198 2052 Thucy·

129 2061 229 2098 dides
249 2061 411 2099 tradunts
467 2060 573 2097 Idem.-

183 2125 227 2163 A
244 2125 366 2177 Troju
379 2126 504 2175 Capys
525 2125 772 2176 Campaniam,
800 2125 969 2166 Helenus
986 2123 1200 2168 Mace-dmi-
