1497 2689
264 315 338 353 172
458 307 774 349 SALLUSTII
802 310 1145 350 JUGURTHA.

263 424 286 462 J
289 422 486 474 ugurtham
501 422 537 459 id
552 423 683 459 intrare
704 421 826 459 sinam.
883 422 1084 467 Praeterea,
1105 422 1132 459 si
1151 421 1238 472 quid
1257 433 1332 461 me-

264 501 335 538 que
348 487 520 537 vobisque
534 487 684 537 dignum
697 485 878 535 petiveris,
889 486 986 525 haud
998 487 1160 538 repulsus
1171 487 1332 525 abibis.”

319 603 432 642 CXI.
463 604 533 641 An
553 616 594 641 ea
615 602 715 641 Sulla
737 617 804 653 pro
824 617 859 641 se
877 604 1033 641 breviter
1050 613 1088 642 et
1105 605 1260 649 modice,
1288 604 1338 644 de,

264 680 354 718 pace
373 676 411 704 et
430 667 475 704 de
490 667 740 705 communibus
755 669 862 705 rebus
876 667 1011 712 multis,
1029 669 1208 706 disseruit.
1255 669 1336 707 De-

265 733 373 782 nique
403 732 480 784 regi
508 731 698 781 patefacit,
725 733 826 784 quod
853 732 1081 783 polliceatur,
1109 742 1270 771 senatum
1296 742 1336 771 et

264 795 441 845 populum
464 795 682 839 Romanum,
710 796 879 846 quoniam
907 795 1059 846 amplius
1086 796 1190 833 armis
1209 796 1337 833 valuis-

266 868 358 903 sent,
387 873 458 895 non
478 858 513 894 in
533 859 686 909 gratiam
705 860 918 897 habituros:
948 859 1157 897 faciundum
1186 858 1336 910 aliquid,

246 921 249 925 ’
267 922 367 974 quod
385 921 527 959 illorum
548 922 674 973 magis,
704 937 812 973 quam
841 936 916 968 sua,
945 922 1107 960 retulisse
1127 923 1308 960 videretur
1324 938 1336 961 z

264 986 302 1023 id
321 987 411 1023 adeo
430 986 466 1023 in
494 996 641 1036 promtu
661 1001 749 1031 esse,
779 988 948 1038 quoniam
970 989 1175 1039 Jugurthae
1194 989 1338 1038 copiam

265 1050 415 1087 haberet
432 1065 442 1087 :
473 1064 581 1100 quem
612 1050 640 1087 si
672 1051 846 1088 Romanis
864 1052 1084 1096 tradidisset,
1104 1051 1195 1097 fore,
1214 1053 1269 1090 uti
1288 1051 1340 1089 illi

265 1114 460 1164 plurimum
488 1114 705 1160 deberetur3
734 1116 940 1159 amicitiam,
970 1115 1114 1161 foedus,
1144 1116 1338 1154 Numidiae

266 1188 420 1229 partem,
440 1192 547 1228 quarn
564 1193 658 1215 nunc
678 1188 832 1228 peteret,
852 1179 948 1216 ultro
964 1180 1209 1217 adventuram.
1255 1180 1337 1218 Rex

265 1244 383 1294 primo
402 1244 587 1294 negitare:
613 1235 850 1287 adfinitatem,
865 1243 1134 1294 cognationem,
1153 1253 1340 1294 praeterea

267 1307 395 1346 foedus
413 1308 668 1345 intervenisse:
699 1308 744 1344 ad
773 1307 843 1344 hoc
863 1316 1036 1352 metuere,
1063 1322 1121 1352 ne,
1151 1308 1249 1345 fluxa
1267 1309 1339 1347 fide

267 1385 364 1415 usus,
384 1371 611 1422 popularium
632 1372 767 1408 animos
783 1380 974 1415 avorteret,
995 1374 1077 1421 quis
1096 1381 1133 1409 et
1152 1373 1175 1410 J
1179 1372 1341 1423 ugurtha

266 1450 382 1480 carus,
411 1445 449 1473 et
481 1436 637 1473 Romani
669 1435 770 1472 invisi
798 1444 912 1472 erant.
983 1435 1171 1486 Denique,
1200 1436 1340 1486 saepius

266 1500 455 1552 fatigatus,
489 1500 617 1537 leniter
643 1509 681 1537 et
708 1514 753 1536 ex
781 1499 968 1537 voluntate
1003 1500 1125 1538 Sullae
1151 1501 1272 1538 omnia
1303 1515 1345 1539 se

266 1564 449 1602 facturum
481 1565 676 1615 promittit.
732 1564 906 1602 Ceterum
938 1565 983 1601 ad
1013 1564 1249 1602 simuIandam
1276 1580 1341 1616 pa-

266 1643 358 1674 cem,
396 1631 499 1681 cujus
537 1628 711 1672 Numida,
749 1629 908 1666 defessus
945 1628 1054 1672 bello,
1091 1629 1346 1676 avidissumus,

267 1707 359 1743 quae
380 1693 482 1730 utilia
501 1693 587 1738 visa,
608 1692 847 1730 constituunt.
906 1693 979 1737 Ita,
1008 1693 1212 1743 composito
1238 1693 1342 1739 dolo,

267 1758 531 1810 digrediuntur.

321 1886 458 1925 CXII.
488 1886 562 1923 Ar
582 1899 644 1923 rex
664 1894 811 1936 postero
831 1885 888 1922 die
908 1886 1106 1935 Asparem,
1133 1886 1351 1938 jugurthae?

266 1950 444 2002 legatum,
487 1949 646 2001 adpellat
670 1965 679 1988 :
728 1950 794 1987 sibi
831 1964 896 2001 per
933 1950 1121 1988 Dabarem
1156 1964 1201 1987 ex
1240 1950 1341 1988 Sulla

265 2017 470 2067 cognitum,
498 2030 603 2066 posse
623 2015 891 2052 conditionibus
910 2014 1045 2052 bellum
1070 2015 1156 2064 poni
1175 2029 1184 2052 ε
1215 2028 1341 2064 quam-

267 2082 392 2118 obrem
404 2080 499 2132 regis
519 2081 572 2117 sui
593 2079 805 2117 sententiam
819 2079 1036 2129 exquireret.
1094 2077 1161 2115 Ille
1175 2077 1290 2116 laetus
1303 2079 1340 2116 in

268 2154 387 2183 eastra
413 2144 620 2196 Jugurthae
647 2143 761 2181 venit..
812 2143 979 2187 Deinde„
1000 2143 1045 2180 ab
1064 2141 1126 2180 illo
1146 2152 1284 2181 cuncta
1303 2157 1343 2181 e·
