1497 2689
237 282 311 318 118
429 278 743 319 SALLUSTII
772 279 1113 319 JUGURTHA.

285 391 399 430 LVI.
460 392 674 430 ROMANUS
696 392 903 442 imperator,
923 393 984 430 ubi
1002 407 1037 430 se
1058 392 1149 429 dolis
1168 391 1300 445 fatiga-

231 456 261 493 ri
282 456 392 500 videt,
421 469 535 506 neque
556 457 600 494 ai)
622 457 725 494 hoste
745 457 886 506 copiam
905 458 1094 508 pugnandi
1119 456 1207 500 fieri,
1241 470 1302 494 ur-

231 522 314 559 bem
333 535 513 573 magnam,
541 521 632 559 etin
653 535 693 558 ea
713 529 828 571 parte,
857 535 928 572 qua
960 522 1027 559 sita
1059 530 1149 565 erat,
1183 534 1301 559 arcem

231 587 345 638 regni,
365 586 506 623 nomine
519 587 684 631 Zamam,
705 587 833 623 statuit
848 586 1060 637 obpugnare
1078 603 1088 633 ;
1119 595 1230 631 ratus,
1249 586 1301 632 id,

231 651 332 700 quod
365 652 553 702 negotium
586 651 773 700 poscebat,
801 651 1024 702 Jugurtham
1053 652 1302 689 laborantibus

230 714 302 751 suis
321 715 455 752 auxilio
483 724 686 759 venturum,
715 715 837 764 ibique
870 715 1046 765 proelium
1079 716 1169 753 fore.
1241 716 1303 753 At

229 777 301 822 ille,
331 793 421 828 quae
440 780 671 828 parabantur,
692 794 712 815 a
730 779 893 831 perfugis
912 780 1078 825 edoctus,
1107 779 1246 831 magnis
1270 779 1302 816 i-

229 841 404 879 tineribus
425 842 618 880 Metellum
646 844 854 889 antevenit3
883 844 1084 894 oppidanos
1117 844 1300 888 hortatur,

229 907 370 944 moenia
390 907 597 952 defendant,
617 907 747 944 additis
763 907 895 944 auxilio
915 908 1093 959 perfugis,
1118 908 1219 958 quod
1239 921 1303 959 ge-

229 985 296 1008 nus
316 985 359 1008 ex
381 972 496 1021 copiis
515 972 623 1023 regis,
652 972 737 1021 quia
756 971 876 1009 fallere
896 972 1108 1022 nequibant,
1131 971 1305 1008 firmissu-

229 1049 340 1072 mum.
399 1036 588 1073 Praeterea
606 1036 812 1086 pollicetur,
840 1037 875 1073 in
904 1045 1066 1086 tempore
1086 1044 1198 1073 semet
1219 1048 1302 1072 cum

227 1099 391 1137 exercitu
409 1099 546 1137 adfore.
592 1101 652 1137 Ita
669 1101 879 1152 compositis
898 1102 1017 1145 rebus,
1037 1101 1072 1136 in
1091 1100 1171 1137 loca
1191 1113 1300 1150 quam

228 1177 396 1200 maxume
415 1163 560 1201 occulta
580 1164 747 1208 discedit,
775 1178 816 1201 ac
836 1173 920 1214 post
950 1164 1072 1214 paullo
1093 1163 1300 1214 cognoscit,

230 1228 389 1265 Marium
407 1243 451 1265 ex
472 1228 597 1265 itinere
617 1228 876 1265 frumentatum
896 1242 978 1265 cum
998 1228 1122 1278 paucis
1141 1226 1304 1264 cohorti-

228 1293 297 1329 bus
319 1292 461 1328 Siccam
481 1292 625 1328 missum
645 1307 654 1336 ;
684 1293 782 1341 quod
803 1292 979 1342 oppidum
1011 1292 1168 1341 primum
1187 1291 1302 1326 onmi-

229 1370 290 1392 um
308 1365 393 1406 post
409 1356 536 1392 malam
551 1370 712 1406 pugnam
724 1358 768 1393 ab
785 1370 868 1407 rege
885 1355 1078 1393 defecerat.
1137 1356 1197 1392 Eo
1216 1368 1300 1391 cum

229 1420 371 1457 dilectis
386 1421 570 1470 equitibus
590 1430 702 1457 noctu
722 1421 863 1471 pergit3
885 1422 1009 1471 etjam
1028 1419 1300 1470 egredientibus

233 1485 407 1521 Romanis
426 1485 461 1520 in
480 1493 588 1534 porta
606 1497 767 1535 pugnam
787 1483 874 1520 facit
893 1499 901 1521 :
934 1483 1038 1520 simul
1057 1496 1188 1534 magna
1212 1496 1301 1520 voce

231 1549 417 1586 Siccenses
436 1549 617 1592 hortatur,
645 1548 699 1584 uti
733 1548 894 1585 cohortis
914 1549 958 1584 ab
976 1556 1082 1599 tergo
1107 1547 1303 1584 circumve-

228 1614 356 1651 niant:
387 1613 571 1650 fortunam
591 1613 762 1663 praeclari
791 1613 959 1650 facinoris
979 1627 1104 1651 casum
1133 1613 1244 1650 dare:
1275 1612 1304 1650 si

228 1677 266 1713 id
285 1677 450 1722 fecerint,
477 1687 606 1728 postea
625 1691 698 1714 sese
718 1678 751 1713 in
773 1691 900 1729 regno,
919 1677 999 1714 illos
1017 1678 1052 1714 in
1072 1677 1240 1714 libertate
1261 1675 1305 1713 si-

230 1756 274 1779 ne
293 1751 394 1779 metu
413 1750 569 1779 aetatem
587 1750 744 1779 acturos.
803 1741 881 1786 Ac,
911 1742 946 1778 ni
966 1742 1106 1779 Marius
1131 1742 1234 1792 signa
1251 1740 1305 1777 in-

229 1806 336 1851 ferre,
365 1815 473 1857 atque
493 1807 640 1844 evadere
655 1807 807 1857 oppido,
827 1807 1102 1857 properavisset‚
1131 1805 1301 1856 profecto

231 1871 368 1915 cuncti,
399 1881 462 1907 aut
481 1885 612 1922 magna
630 1885 712 1921 pars
743 1871 965 1908 Siccensium
996 1870 1103 1907 fidem
1133 1869 1305 1906 mutavis-

232 1945 312 1973 sent
329 1952 338 1974 :
368 1945 469 1973 tanta
488 1936 689 1973 mobilitate
710 1950 783 1972 sese
818 1935 1000 1973 Numidae
1033 1942 1160 1986 agunt.
1230 1933 1304 1970 Sed

232 2001 362 2038 milites
395 2001 622 2052 jugurthini,
667 2000 861 2050 paullisper
888 2000 938 2036 ab
971 2013 1057 2051 rege
1096 1997 1303 2040 sustentati,

232 2074 426 2115 postquam
446 2068 577 2116 majore
596 2065 630 2101 vi
649 2065 772 2102 hostes
800 2072 971 2115 urguent,
999 2062 1124 2114 paucis
1153 2060 1302 2105 amissis,

233 2129 382 2180 profugi
410 2129 614 2166 discedunt.
