1451 2719
337 308 650 348 SALLUSTII
680 308 1019 347 JUGURTHA.
1135 311 1200 350 lle

143 422 316 472 majorum
335 429 502 471 gereret;
531 421 566 456 in
585 420 734 458 advorso
754 420 850 465 loco,
872 421 987 457 victor
1001 430 1119 456 tamen
1140 419 1209 455 vir-

143 494 225 523 tute
244 484 395 529 fuisset;
425 485 582 521 hostium
603 499 691 536 agro
724 486 904 534 potiretur
921 500 931 529 ;
973 483 1209 534 hgin-tham,

144 549 378 600 magnificum
399 563 442 586 ex
464 548 557 586 Auli
578 549 750 593 secordia,
771 562 870 598 spem
887 547 1010 585 salutis
1029 548 1062 583 in
1085 547 1212 584 solitu-

142 612 240 656 dine,
268 622 331 649 aut
351 611 453 663 fuga,
482 613 661 663 coegisset
695 613 837 649 habere.
907 612 1038 660 Itaque
1068 620 1211 647 senatus

141 676 190 714 ob
209 689 251 713 ea
270 675 422 713 feliciter
440 686 519 712 acta
539 676 595 712 dis
615 676 873 713 immortalibus
893 675 1069 725 supplicia
1088 675 1213 711 decer-

142 753 251 777 nere:
281 740 420 783 civitas,
449 740 590 789 trepida
608 749 725 784 antea,
753 751 790 777 et
811 739 962 776 sollicita
981 739 1025 776 de
1058 738 1142 776 belli
1175 753 1213 775 e-

141 813 266 848 ventu,
293 803 387 841 laeta
405 817 511 854 agere
529 818 538 840 :
568 802 663 840 fama
682 804 726 840 de
746 803 902 841 Metello
922 801 1103 852 praeclara
1121 816 1209 839 esse.

143 867 269 918 Igitur
286 881 331 904 eo
351 867 523 904 intentior
542 867 586 904 ad
607 867 792 904 victoriam
812 868 891 911 niti,
912 867 1077 904 omnibus
1097 867 1212 903 modis

142 929 310 969 festinare
328 947 339 976 ;
367 945 491 969 cavere
524 941 657 975 tamen,
690 932 819 968 necubi
853 931 949 968 hosti
982 942 1213 981 opportunus

142 996 243 1033 fieret
261 1011 271 1033 ε
302 996 514 1038 meminisse,
535 1005 619 1044 post
634 995 787 1046 gloriam
806 996 974 1032 invidiam
990 997 1103 1045 sequi.
1137 997 1211 1040 Ita,

141 1073 216 1110 quo
235 1059 365 1096 clarior
383 1069 472 1103 erat,
500 1073 543 1096 eo
563 1060 677 1110 magis
693 1060 799 1096 animi
814 1061 941 1097 anxius
959 1076 967 1097 :
999 1074 1114 1110 neque
1130 1069 1214 1109 post

142 1124 286 1162 insidias
305 1125 328 1162 J
331 1124 511 1175 ugurthae
530 1123 645 1160 effuso
665 1125 826 1161 exercitu
846 1125 1007 1173 praedari
1025 1139 1034 1161 ε
1057 1125 1119 1161 ubi
1139 1123 1215 1161 fru-

142 1196 266 1225 mento
294 1196 357 1224 aut
385 1187 520 1237 pabulo
540 1201 633 1236 opus
652 1196 742 1231 erat,
770 1188 940 1224 cohortes
959 1202 1042 1224 cum
1062 1189 1158 1224 omni
1177 1202 1215 1225 e-

142 1252 290 1303 quitatu
309 1251 527 1301 praesidium
548 1252 737 1302 agitabant
755 1268 764 1290 2
794 1253 975 1289 exercitus
995 1254 1126 1303 partim
1159 1254 1213 1303 ip-

144 1329 195 1360 se,
214 1315 373 1366 reliquos
393 1314 534 1352 Marius
550 1315 719 1352 ducebat.
773 1317 847 1353 Sed
862 1317 937 1367 igni
957 1317 1086 1368 magis,
1107 1331 1214 1366 quam

142 1380 290 1431 praeda,
318 1393 404 1430 ager
423 1380 643 1416 vastabatur.
701 1380 862 1417 Duobus
890 1380 992 1424 locis,
1021 1381 1116 1417 haud
1137 1381 1216 1417 lon-

144 1458 192 1496 ge
209 1444 304 1480 inter
319 1457 368 1487 se,
388 1453 504 1480 castra
519 1442 700 1480 faciebant
717 1459 727 1481 ε
749 1444 811 1480 ubi
831 1445 864 1480 vi
884 1459 975 1494 opus
995 1455 1084 1489 erat,
1104 1458 1216 1482 cunc-

143 1508 174 1544 ti
192 1508 340 1544 aderant
358 1522 368 1551 ;
398 1515 570 1550 ceterum,
600 1521 672 1556 quo
693 1506 782 1558 fuga
801 1517 910 1557 atque
932 1507 1087 1545 formido
1107 1509 1214 1546 latius

143 1580 360 1614 crescerent,
387 1570 519 1606 divorsi
539 1571 709 1621 agebant.
768 1571 827 1608 Eo
847 1580 1009 1621 tempore
1028 1573 1050 1610 J
1055 1573 1215 1623 ugurtha

144 1648 210 1684 per
228 1633 331 1671 collis
351 1634 479 1683 sequi:
510 1642 667 1683 tempus,
697 1643 757 1670 aut
778 1634 898 1671 locum
927 1649 1071 1686 pugnae
1105 1650 1216 1685 quae-

143 1712 220 1735 rere
239 1713 248 1735 :
271 1711 342 1748 qua
358 1707 548 1735 venturum
563 1698 704 1734 hostem
719 1698 892 1742 audierat,
912 1699 1100 1748 pabulum,
1120 1709 1157 1736 et
1177 1713 1215 1736 a-

144 1776 297 1813 quarum
315 1762 442 1806 fontis,
471 1776 625 1812 quorum
656 1762 804 1812 penuria
833 1773 924 1807 erat,
953 1777 1210 1813 corrumpere:

143 1826 253 1864 modo
273 1840 308 1864 se
330 1825 498 1870 Metello,
527 1826 707 1863 interdurn
728 1826 862 1870 Mario,
882 1828 1071 1865 ostendere
1088 1842 1097 1865 :
1129 1841 1214 1877 pos-

142 1898 278 1927 tremos
297 1890 331 1926 in
351 1889 493 1941 agmine
509 1898 660 1934 tentare,
681 1903 722 1927 ac
738 1891 860 1927 statim
875 1890 908 1926 in
924 1890 1025 1927 collis
1045 1891 1212 1942 regredi3

142 1968 264 1992 rursus
282 1955 371 1999 aliis,
390 1964 475 2004 post
494 1953 569 1992 aliis
584 1954 738 1991 minitari
755 1970 764 1992 :
788 1969 903 2005 neque
922 1954 1096 2004 proelium
1116 1954 1213 1992 face-

142 2031 195 2062 re,
223 2032 338 2068 neque
356 2019 472 2055 otium
502 2018 606 2070 pati;
635 2019 888 2057 tantummodo
908 2018 1050 2056 hostem
1082 2019 1127 2056 ab
1160 2020 1211 2059 in.

143 2091 254 2137 cepto
278 2084 444 2123 retinere*
