1451 2719
274 334 588 373 SALLUSTII
634 329 1023 371 FRAGMENTA.
1110 332 1186 371 ‘207

176 446 312 496 Ingens
331 446 407 495 ipse
429 446 568 489 virium,
588 455 698 495 atque
717 445 837 481 animi.
894 445 1064 481 Arusian-

177 509 325 547 Locum
340 509 561 552 nullum‚nisi
575 509 607 545 in
622 523 694 558 quo
707 509 831 545 armati
843 508 1067 545 institissent.
1083 505 1192 544 Idem.

174 573 234 610 At
257 573 416 623 Oppius,
439 583 632 622 postquam
653 586 756 609 orans
776 571 863 608 nihil
892 571 1120 622 proficiebat,
1147 570 1195 607 ti-

119 636 214 674 mide
244 647 340 673 veste
372 646 510 673 tectum
541 636 737 687 pugionem
767 635 937 685 expedire
975 643 1141 677 conatus,
1174 646 1194 668 a

121 701 236 740 Cotta
256 700 465 750 Vulcloque
499 700 704 750 impeditur.
759 700 853 736 Non.
885 699 1000 748 Pugio
1014 708 1061 734 cst
1075 698 1191 735 brevis

117 764 270 814 gladius.

175 827 386 877 Castrisque
405 826 560 871 collatis,
581 841 704 878 pugna
721 836 839 864 tamen
855 826 1000 878 ingenio
1020 825 1090 862 loci
1110 838 1195 875 pro-

124 891 330 928 hibebatur.
389 891 496 928 Idem.

176 955 249 992 Sed
270 955 466 1005 Ponipcius
486 968 505 990 a
525 955 639 1004 prima
659 955 916 999 adolescentia,
938 968 1098 991 sermone
1119 953 1197 990 fau-

121 1029 256 1063 torum,
278 1018 427 1056 similem
448 1018 524 1055 fore
544 1033 580 1055 se
600 1020 747 1057 credens
767 1019 984 1056 Alexandro
1005 1019 1095 1070 regi,
1121 1018 1197 1055 fac-

122 1091 160 1119 ta
179 1082 417 1132 consultaque
441 1085 517 1134 ejus
537 1083 683 1132 quidem
703 1082 861 1120 aemulus
880 1092 969 1120 erat.
1029 1084 1123 1120 Non.

175 1145 327 1184 Dubius
347 1145 498 1182 consilii.
556 1147 728 1184 Arusian.

176 1210 267 1248 Post
287 1209 444 1247 reditum
464 1223 603 1253 eorum,
624 1210 756 1260 quibus
772 1219 915 1247 senatus
929 1209 1014 1246 belli
1035 1208 1198 1259 Lepida-

123 1274 158 1311 ni
177 1274 334 1325 gratiam
354 1273 504 1310 fecerat.
562 1273 670 1311 Idem.
1057 1321 1061 1324 V

174 1338 289 1388 Quod
308 1337 370 1375 ubi
390 1337 524 1375 frustra
544 1347 725 1374 tentatum
745 1347 813 1382 est,
836 1336 1018 1375 secordius
1038 1336 1087 1373 ire
1108 1335 1200 1372 mili-

122 1411 178 1440 tes
207 1416 421 1452 occoepere,
453 1415 524 1438 non
548 1402 643 1451 aptis
663 1403 781 1447 armis,
814 1411 854 1439 ut
874 1403 908 1439 in
940 1401 1132 1451 principio,
1161 1408 1200 1438 et

123 1465 259 1504 laxiore
279 1467 436 1518 agmine.
496 1467 591 1503 Non.

175 1531 309 1581 Atque
329 1544 411 1567 eum
427 1530 555 1574 Curio,
575 1529 776 1575 laudatum,
804 1544 1068 1580 accensumque
1097 1543 1197 1579 prae·

121 1595 275 1632 miorum
295 1608 372 1644 spe,
394 1594 611 1644 quibuscum
631 1595 843 1644 optavisset,
862 1595 911 1631 ire
925 1595 1045 1646 jubet.
1088 1593 1197 1630 Idem.

178 1659 322 1697 Eodem
357 1668 520 1708 tempore
542 1658 740 1703 Lentulus,
769 1658 906 1708 duplici
927 1658 1002 1695 acie
1022 1657 1143 1694 locum
1163 1671 1201 1694 e-

121 1724 239 1762 ditum
260 1723 377 1760 multo
398 1723 572 1774 sanguine
593 1737 739 1760 suorum
762 1722 971 1766 defendens,
1002 1731 1198 1772 postquam

120 1802 165 1825 ex
187 1787 332 1824 sarcinis
351 1786 605 1837 paludamenta
619 1788 774 1832 adstare,
795 1797 834 1825 et
849 1787 1011 1824 delectae
1027 1787 1198 1824 cohortes

122 1851 284 1902 intellegi
304 1865 470 1901 coepere.
531 1851 639 1889 Idem.

177 1916 216 1954 Si
236 1915 325 1952 nihil
344 1924 426 1952 ante
446 1916 640 1952 adventum
663 1930 766 1952 suum
787 1916 880 1953 inter
908 1915 1051 1966 plebem
1069 1924 1107 1953 et
1129 1916 1199 1952 Pa-

122 1990 196 2018 tres
215 1979 454 2023 convenisset,
474 1993 595 2017 coram
616 1994 652 2017 se
671 1981 841 2018 daturum
860 1993 1018 2030 operam.
1078 1980 1197 2018 Prisc.

120 2044 179 2082 lib.
209 2045 286 2081 xiv.

177 2107 266 2149 Fine
285 2109 475 2161 inguinum
495 2108 749 2161 ingrediuntur
768 2123 876 2148 mare.
933 2109 1105 2148 Arusian.
