1451 2719
341 308 656 354 SALLUSTII
687 315 1030 355 JUGURTHA.
1149 317 1221 357 107

141 426 310 464 venderet
329 441 339 472 ;
369 441 412 464 ne
432 427 524 465 lixae
544 429 744 465 exercitum
765 437 1025 478 sequerentur;
1055 440 1097 464 ne
1119 427 1220 466 miles

139 492 327 543 gregarius
346 492 380 528 in
400 493 539 535 castris,
564 507 650 529 neve
670 492 704 528 in
725 492 880 544 agmine,
910 504 1052 528 servum
1072 500 1135 527 aut
1159 494 1219 542 ju-

139 565 300 592 mentum
331 556 508 593 haberet:
557 557 685 593 ceteris
716 567 816 593 arcte
849 555 1000 592 modum
1034 555 1214 592 statuisse.

141 619 330 657 Praeterea
360 621 573 657 transvorsis
604 621 791 657 itineribus
811 620 976 670 quotidie
997 629 1114 657 castra
1139 634 1216 657 mo-

137 698 217 721 vere
235 699 246 728 ;
271 687 390 736 juxta,
411 699 451 721 ac
474 686 500 721 si
522 685 644 722 hostes
663 685 842 729 adessent,
873 683 967 720 vallo·
986 693 1096 734 atque
1117 684 1213 722 fossa

136 748 287 792 munire,
308 748 445 800 vigilias
464 750 608 786 crebras
636 763 783 798 ponere,
812 757 849 785 et
869 748 947 798 ipse
971 762 1055 785 cum
1083 749 1214 800 legatis

136 810 324 848 circumire
342 827 351 849 :
383 813 468 849 item
488 813 521 848 in
542 813 684 863 agmine
703 812 738 849 in
759 812 883 862 primis
902 812 1025 856 modo,
1046 813 1156 849 modo
1177 812 1212 848 in

137 876 343 925 postremis,
364 890 469 926 saepe
484 877 518 912 in
534 876 671 920 medio,
685 876 821 920 adesse,
838 890 881 912 ne
897 876 1075 926 quispiam
1088 877 1213 913 ordine

135 940 384 990 egrederetur,
413 941 466 978 uti
497 955 580 978 cum
613 941 723 992 signis
754 939 960 990 frequentes
991 940 1213 986 incederent,

135 1004 236 1041 miles
267 1004 388 1041 cibum
419 1014 455 1041 et
486 1018 582 1041 arma
612 1013 788 1054 portaret.
849 1004 908 1041 Ita
935 1004 1162 1054 prohibendo
1191 1018 1211 1041 a

135 1068 276 1105 delictis
310 1069 438 1120 magis,
473 1083 581 1119 quam
615 1069 845 1112 vindicando,
877 1068 1079 1105 exercitum
1112 1068 1214 1106 brevi

135 1132 374 1170 confirmavit.

188 1261 345 1298 XLVI.
379 1262 569 1299 INTEREA
602 1262 802 1313 Jugurtha,
832 1261 896 1298 ubi
919 1274 1011 1311 quae
1037 1257 1214 1298 Metellus

134 1326 283 1377 agebat,
303 1340 347 1362 ex
368 1326 507 1363 nunciis
527 1326 668 1376 accepit
687 1342 698 1372 ς
729 1325 833 1363 simul
847 1327 891 1363 de
911 1326 1117 1363 innocentia
1135 1329 1212 1377 ejus

133 1391 267 1429 certior
300 1391 441 1428 Romae
471 1390 605 1435 factus,
636 1390 800 1428 diffidere
820 1391 892 1428 suis
920 1391 1039 1434 rebus,
1070 1403 1111 1427 ac
1132 1399 1213 1427 tum

134 1456 280 1493 demum
300 1469 418 1492 veram
438 1456 659 1492 deditionem
675 1454 792 1492 facere
808 1464 961 1491 conatus
975 1463 1042 1491 est.
1090 1454 1214 1505 Igitur

133 1520 275 1571 legatos
305 1521 350 1557 ad
375 1520 560 1557 consulem
580 1533 665 1556 cum
685 1518 870 1569 suppliciis
889 1518 1016 1562 mittit,
1049 1518 1112 1568 qui
1132 1527 1213 1555 tan-

134 1585 324 1622 tummodo
345 1585 412 1634 ipsi
436 1584 630 1633 liberisque
649 1583 759 1620 vitam
787 1592 968 1633 peterent,
997 1582 1064 1620 alia
1093 1584 1212 1620 omnia

134 1648 306 1686 dederent
326 1648 465 1698 populo
498 1648 679 1685 Romano.
740 1647 813 1685 Sed
834 1646 989 1684 Metello
1013 1649 1088 1698 jam
1108 1656 1213 1684 antea

133 1712 388 1762 experimentis
407 1711 599 1763 cognitum
619 1720 710 1755 erat,
736 1717 852 1762 genus
872 1711 1115 1748 Numidarum
1135 1710 1216 1747 infi-

134 1777 235 1821 dum,
255 1777 402 1828 ingenio
422 1776 561 1820 mobili,
591 1789 763 1813 novarum
782 1789 902 1813 rerum
922 1776 1078 1813 avidum.
1139 1777 1216 1813 Ita-

134 1854 206 1891 que
235 1840 378 1892 legatos
408 1840 517 1878 alium
537 1841 581 1877 ab
603 1840 672 1877 alio
692 1841 855 1877 divorsos
887 1841 1129 1892 adgreditur3
1159 1855 1215 1886 ac,

133 1904 322 1955 paullatim
342 1905 531 1949 tentando,
560 1913 755 1955 postquam
775 1914 1005 1955 opportunos
1024 1907 1214 1958 cognovit,

134 1969 250 2007 multa
269 1969 475 2020 pollicendo
496 1969 702 2019 persuadet,
728 1970 782 2006 uti
802 1971 823 2007 J
829 1971 1025 2021 ugurtham
1046 1982 1215 2010 maxume

135 2034 268 2078 vivum,
282 2034 334 2071 sin
347 2034 383 2071 id
396 2048 523 2084 parum
534 2035 725 2084 procedat,
739 2044 920 2080 necatum,
933 2036 999 2073 sibi
1009 2038 1213 2075 traderent:

136 2105 296 2135 'ceterum
317 2098 450 2148 palam,
479 2113 572 2149 quae
591 2112 635 2135 ex
655 2097 843 2136 voluntate
864 2099 998 2145 forent,
1027 2101 1104 2152 regi
1125 2116 1216 2139 nun-

136 2161 223 2198 ciari
236 2162 356 2213 jubet.
388 2161 535 2201 Deinde
551 2164 626 2214 ipse
647 2163 771 2212 paucis
787 2163 928 2209 diebus,
947 2165 1090 2203 intento
1105 2175 1216 2216 atque

634 2226 728 2265 02
