1451 2719
310 296 625 338 SALLUSTII
639 299 641 301 ’
657 294 1045 338 FRAGMENTA.
1146 299 1220 338 179

140 410 268 448 merita
286 411 321 448 in
354 411 629 461 rempublicam,
657 413 823 449 omnibus
856 411 992 462 pariter
1017 410 1215 460 corruptis,
1266 423 1273 431 ·

139 475 206 513 sed
221 475 275 513 uti
294 475 448 525 quisque
468 474 786 526 locupletissumus
808 485 846 513 et
876 475 1003 527 injuria
1036 473 1213 512 validior:

138 538 222 590 quia
241 540 443 590 praesentia
461 539 695 585 defendebat,
714 550 781 591 pro
794 541 891 577 bono
907 539 1121 576 ducebatur.
1154 538 1216 575 Ex

140 617 215 656 quo
233 613 399 655 tempore
419 607 593 656 majorum
625 618 742 642 mores
761 617 832 642 non
852 603 1054 654 paullatim,
1083 613 1124 640 ut
1155 613 1218 640 an-

138 677 214 713 tea,
241 670 305 707 sed
323 671 495 707 torrentis
508 671 631 715 modo,
651 669 879 720 praecipitati
896 684 906 707 x
936 669 1027 706 adeo
1041 671 1214 721 juventus

139 731 229 770 luxu
247 742 357 785 atque
376 734 523 771 avaritia
541 744 715 785 corrupta
733 743 802 778 est,
830 733 884 771 uti
909 733 1038 770 merito
1059 733 1216 777 dicatur,

139 797 285 848 genitos
303 812 393 843 esse,
421 799 484 848 qui
505 812 620 849 neque
639 799 707 849 ipsi
722 799 853 836 habere
872 807 1022 849 possent
1041 808 1096 835 res
1110 796 1216 834 fami-

139 860 256 906 liares,
283 874 400 912 neque
417 862 505 900 alios
525 863 614 912 pati.
672 863 828 914 Agellius
846 873 877 900 et
894 864 1081 914 Auguetin.

196 926 320 978 Igitur
337 926 490 964 venditis
502 928 791 978 proscriptorum
810 927 928 972 bonis,
949 937 1011 965 aut
1024 923 1216 978 dilargitis.

142 991 311 1043 agellius.

197 1055 245 1092 Id
261 1055 398 1093 bellum
417 1055 602 1094 excitabat
630 1066 750 1094 metus
771 1056 937 1107 Pompeii
956 1056 1117 1101 victoris,
1147 1055 1222 1093 Hi·

140 1119 336 1171 empsalem
354 1121 389 1157 in
409 1134 561 1172 regnum
580 1121 815 1159 restituentis.
873 1120 982 1159 Idem.

196 1181 447 1234 Maxumeque
467 1183 602 1222 ferocia
621 1185 717 1236 regis
737 1184 980 1228 Mithridatis,
1007 1184 1043 1220 in
1055 1193 1220 1233 tempore

140 1246 321 1285 bellaturi.
378 1249 542 1287 Donatus
561 1259 591 1286 et
610 1250 822 1287 Arusianus.

181 1312 297 1362 ·Quin
316 1311 462 1350 lenones
494 1323 532 1350 et
551 1313 676 1350 vinarii
695 1313 865 1365 laniique‚
893 1325 1049 1363 quorum
1082 1321 1223 1363 praete—

143 1389 204 1414 rea
231 1376 362 1428 vulgus
394 1377 430 1414 in
461 1377 537 1414 dies
570 1389 674 1414 usum
702 1378 828 1423 habet,
857 1379 980 1429 precio
1013 1379 1220 1429 compositi.

147 1441 318 1479 Carisiae.

199 1505 330 1544 Genus
349 1505 453 1542 armis
473 1504 593 1550 ferox,
621 1515 659 1543 ct
679 1506 811 1544 servitii
843 1506 1038 1544 insolitum.
1096 1508 1226 1545 Arusi-

144 1585 244 1610 anae.

199 1712 246 1738 u.
263 1710 424 1737 amun
443 1713 576 1739 ueto!
598 1712 674 1737 cos.
691 1712 745 1737 AD
761 1710 795 1736 Ρ.
818 1713 853 1737 κ.
875 1712 1013 1738 omno
1031 1709 1179 1740 CONTRA

601 1777 768 1802 sonam.

202 1892 406 1931 Clementia
423 1901 461 1930 et
482 1892 645 1943 probitas
660 1901 790 1937 vestra,
812 1893 990 1944 Quirites,
1009 1894 1141 1944 quibus
1160 1908 1225 1945 per

147 1967 286 1996 ceteras
305 1958 425 2010 gentis
444 1958 603 1995 maxumi
621 1966 659 1995 et
677 1957 764 1995 clari
782 1959 882 2003 estis,
906 1959 1100 2009 plurimum
1118 1960 1227 1997 timo-

149 2023 198 2060 ris
216 2022 304 2060 mihi
323 2021 476 2067 faciunt,
496 2022 668 2059 advorsus
687 2023 909 2072 tyrranid‘em
930 2020 980 2061 L.
997 2023 1117 2062 Sullae
1136 2040 1146 2069 ς
1168 2038 1226 2068 ne,

148 2088 219 2139 ipsi
239 2087 393 2126 nefanda
412 2101 504 2140 quae
523 2086 746 2150 aestumatis,
773 2101 815 2124 ea
834 2101 959 2138 parum
980 2089 1160 2126 credendo
1180 2090 1224 2126 de

154 2151 230 2190 aliis
248 2152 574 2191 circumveniamini
597 2152 827 2205 (praesertim
847 2166 931 2191 cum
948 2152 999 2191 illi
1014 2166 1094 2205 spes
1114 2152 1228 2190 omnis
