1497 2689
252 292 326 329 134
443 290 756 331 SALLUSTII
784 290 1123 332 JUGURTHA.·

244 402 507 453 instructique:
537 405 618 441 dein
638 403 814 454 proelium
832 404 1014 454 incipitur.
1071 406 1156 454 Qua
1174 403 1209 441 in
1229 413 1312 454 par‘-

245 475 282 503 te
301 481 362 504 rex
383 467 512 511 adfuit,
541 469 590 505 ibi
623 468 838 518 aliquamdiu
858 478 1062 506 certatum:
1094 469 1203 505 ceteri
1231 483 1312 506 om.

245 543 306 567 nes
331 534 427 582 [ejus
448 532 600 581 milites]
624 532 740 581 primo
769 545 947 568 concursu
979 531 1070 581 pulsi
1104 531 1308 583 fugatique.

248 594 403 632 Romani
436 596 620 646 signorum
649 605 686 632 et
722 609 902 632 armorum
934 596 1118 646 aliquanto
1147 610 1310 641 numerO,

243 658 402 695 hostium
423 674 621 709 paucorum
648 661 784 710 potiti:
814 675 894 697 nam
925 660 1035 698 ferme
1068 662 1243 699 Numidas
1274 662 1311 698 in

243 723 410 760 omnibus
429 723 571 772 proeliis
591 724 700 774 pedes
720 725 848 776 magis,
877 738 984 776 quam
998 739 1094 762 arma
1113 734 1194 763 tuta
1212 734 1308 763 sunt.

296 853 470 890 LXXV.
515 853 578 891 EA
611 853 713 905 fuga,
745 853 943 905 Jugurtha,
976 854 1170 904 impensius
1201 854 1312 891 modo

243 918 349 954 rebus
370 918 440 953 suis
459 917 637 961 diffidens,
657 933 740 955 cum
767 918 930 970 perfugis
948 928 985 956 et
1005 929 1108 970 parte
1127 919 1312 969 equitatus

242 981 278 1017 in
309 981 532 1025 solitudines,
563 982 643 1018 dein
675 983 833 1020 Thalam
862 984 1038 1033 pervenit,
1067 984 1102 1020 in
1135 984 1312 1034 oppidum

243 1060 415 1097 magnum
438 1055 475 1083 et
497 1045 724 1096 opulentum,
748 1048 810 1084 ubi
834 1047 994 1097 plerique
1018 1049 1191 1092 thesauri,
1220 1047 1311 1085 filio-

241 1124 394 1160 rumque
426 1113 500 1161 ejus
533 1111 668 1148 multus
700 1111 874 1160 pueritiae
906 1112 1025 1149 cultus
1060 1121 1148 1149 erat.
1205 1113 1312 1162 Quae

241 1184 437 1224 postquam
458 1175 613 1211 Metello
632 1184 831 1224 comperta,
861 1189 1078 1226 quamquam
1097 1177 1190 1213 inter
1208 1176 1312 1214 Tha-

241 1239 312 1275 lam
333 1239 536 1288 flumenque
566 1253 799 1289 proxumum,
830 1239 946 1289 spatio
967 1239 1115 1276 millium
1136 1240 1313 1290 quinqua-

242 1304 357 1355 ginta,
378 1303 456 1339 loca
476 1303 572 1339 arida
591 1313 701 1352 atque
721 1312 820 1339 vasta
838 1317 913 1340 esse
933 1312 1168 1354 cognoverat,
1187 1313 1310 1341 tamen

243 1382 306 1418 spe
325 1367 489 1417 patrandi
508 1367 591 1403 belli
617 1368 667 1416 [si
687 1370 762 1418 ejus
781 1367 908 1416 oppidi
928 1367 1068 1416 potitus
1088 1367 1206 1417 foret]
1234 1381 1313 1404 orn-

242 1433 296 1468 nis
316 1432 524 1481 asperitates
546 1431 792 1479 supervadere,
812 1444 853 1467 ac
870 1439 1034 1468 naturam
1048 1432 1157 1468 etiam
1172 1432 1312 1469 vincere

242 1496 465 1547 adgreditur.
543 1495 666 1545 Igitur
694 1494 812 1530 omnia
834 1496 997 1545 jumenta
1029 1495 1172 1532 sarcinis
1203 1495 1311 1533 levari

238 1561 358 1612 jubet,
388 1560 452 1595 nisi
472 1558 653 1595 frumento
674 1559 811 1596 dierum
836 1558 988 1603 decem3
1022 1568 1184 1596 ceterum
1213 1568 1314 1597 utres

243 1624 353 1662 modo
372 1633 409 1661 et
429 1624 495 1660 alia
514 1637 626 1673 aquae
645 1623 772 1660 idonea
800 1624 949 1672 portari.
1007 1624 1197 1662 Praeterea
1225 1639 1313 1662 con-

243 1690 353 1740 quirit
370 1703 413 1726 ex
430 1688 523 1739 agiis
540 1701 647 1737 quam
661 1687 854 1737 plurimum
870 1697 993 1737 potest
1008 1689 1136 1725 domiti
1150 1689 1312 1739 pecoris;

243 1769 359 1804 coque
389 1753 543 1803 imponit
561 1766 642 1789 vasa
661 1755 834 1803 cujusque
854 1752 963 1796 modi,
989 1752 1159 1803 pleraque
1178 1753 1312 1804 lignea,

244 1819 398 1857 collecta
415 1832 459 1855 ex
480 1817 635 1868 tuguriis
656 1816 906 1854 Numidarum.
964 1816 1031 1853 Ad
1053 1817 1122 1854 hoc
1138 1817 1315 1854 finitumis

244 1885 410 1934 imperat,
441 1882 503 1932 qui
524 1896 559 1918 se
579 1890 664 1931 post
683 1881 778 1931 regis
797 1879 922 1932 fugam
951 1880 1105 1918 Metello
1125 1882 1313 1926 dederant,

246 1963 353 2000 quam
372 1948 564 1998 plurimum
585 1946 735 1996 quisque
755 1959 867 1995 aquae
886 1954 1072 1995 portarent
1088 1961 1100 1991 ς
1129 1946 1236 1990 diem,
1258 1946 1314 1983 lo·-

245 2028 415 2064 cumque,
435 2012 496 2049 ubi
516 2020 659 2062 praesto
679 2010 826 2053 fuerint,
851 2009 1038 2059 praedicit.
1073 2010 1158 2060 Ipse
1178 2024 1222 2047 ex
1244 2011 1313 2047 flu'-

246 2079 351 2122 mine,
371 2091 477 2127 quam
498 2088 711 2125 proxumam
726 2074 863 2124 oppido
878 2087 1006 2124 aquam
1022 2088 1128 2124 supra
1143 2075 1316 2119 diximus,

242 2146 405 2194 jumenta
434 2151 586 2179 onerat:
623 2154 667 2177 eo
697 2138 806 2176 modo
835 2138 1045 2183 instructus,
1075 2139 1122 2176 ad
1154 2137 1317 2176 Thalam-
