1451 2719
307 277 620 320 SALLUSTII
654 280 1041 321 FRAGMENTA.
1138 286 1209 323 221

198 390 257 430 Ne
276 390 427 442 simplici
449 393 591 441 quidem
613 403 729 431 morte
742 393 998 431 moriebantur.
1056 394 1211 433 Servius.

197 456 293 493 Cum
311 456 523 505 praedixero
544 457 702 506 positum
729 456 873 494 insulae.
931 454 1104 495 Donatus.

196 519 311 570 Cujus
329 519 474 556 adversa
495 519 694 565 voluntate,
723 521 908 571 colloquio
940 521 1113 559 militibus
1132 537 1215 572 per-

140 582 262 626 missm
290 583 477 632 corruptio
499 583 594 620 facta
612 596 826 633 paucorum,
854 591 891 622 et
918 586 1099 623 exercitus
1132 586 1215 624 Sul-

141 645 195 683 lae
213 646 320 683 datus
338 656 405 683 cst.
462 646 570 684 Idem.

194 710 235 746 A
259 710 407 748 Gracco
428 711 620 747 seditiones
639 723 766 762 graves
785 721 898 748 ortae.
959 713 1186 763 Augustinus.

196 774 254 811 Μ.
282 774 425 811 Atilius
459 774 662 819 Palicanus,
701 775 827 812 humili
860 775 956 819 loco,
988 777 1129 820 Picens,
1163 777 1217 815 lo-

143 850 238 888 quax
260 838 387 888 magis,
416 851 522 888 quam
545 837 735 875 facundus.
796 839 1040 891 Quintilianus,
1073 841 1128 878 lib.
1161 844 1212 880 iv.

141 910 220 954 casz.
243 903 279 939 2.
310 903 454 939 HIcrou.
476 901 562 938 adv.
584 900 730 939 Helvid.
759 912 790 940 et
812 901 969 940 Gell.lib.
985 905 1037 942 iv.
1053 913 1133 957 cast.
1156 907 1214 943 15.

197 965 360 1002 Insolens
381 975 461 1002 vem
480 965 699 1014 accipiundi.
757 966 932 1004 Donatus.

196 1031 301 1080 Quae
321 1030 473 1080 pecunia
493 1031 538 1066 ad
559 1029 801 1081 Hispaniense
817 1030 951 1069 bellum
971 1029 1127 1070 Metello
1142 1032 1218 1075 fac-

144 1103 183 1131 ta
200 1103 290 1131 erat.
348 1094 455 1132 Idem.

195 1158 366 1196 Curubis.
425 1157 574 1195 Probus.

195 1221 374 1260 Tharros.
432 1221 539 1259 Idem.

194 1286 371 1324 Camisos.
429 1286 537 1324 Idem.

197 1350 334 1388 Luces.
392 1350 543 1400 Sergius.

199 1415 361 1452 Primum
379 1414 489 1450 modo
508 1412 688 1464 Japidiam
708 1414 901 1467 ingressus.
958 1419 1114 1455 Servius.

198 1479 322 1518 Carbo
354 1479 453 1528 turpi
484 1477 673 1515 formidine
707 1478 849 1516 Italiam
879 1488 989 1530 atque
1019 1482 1217 1522 exercitum

144 1544 315 1582 deseruit.
373 1543 480 1581 Idem.

198 1609 304 1658 Quae
335 1616 442 1658 pacta
481 1606 515 1642 in
557 1605 794 1643 conventione
835 1619 906 1644 non
942 1608 1215 1657 praestitissent.

145 1674 320 1710 Dahatns.

199 1736 406 1774 crebritate
427 1735 619 1779 fluctuum,
647 1743 689 1771 ut
708 1733 852 1784 Aquilo
873 1735 977 1773 solet.
1034 1738 1191 1776 Servius.

199 1800 448 1844 Mithridates,
482 1813 635 1850 corpore
676 1798 829 1850 ingenti,
868 1799 1015 1849 perinde
1045 1811 1215 1842 armatus.

151 1864 294 1920 Quintil,
321 1864 378 1903 lib.
399 1866 475 1902 «viii.
495 1873 574 1916 cap.
598 1867 633 1902 3.

201 1931 239 1969 T
242 1941 489 1982 yrannumque
509 1938 545 1966 et
576 1928 730 1967 Cinnam
759 1927 992 1978 appellantes.
1067 1931 1220 1971 Victori-

147 2004 221 2035 nus.
279 1997 435 2034 Servius.

202 2058 420 2109 Nomenque
440 2058 655 2096 Danubium
673 2057 799 2093 habet.
854 2058 985 2094 Acron.

203 2124 275 2164 Cui
294 2124 358 2162 nisi
378 2123 514 2176 pariter
531 2121 675 2161 obviam
692 2121 814 2160 iretur.
871 2122 1044 2163 Donatus.
