1497 2689
232 291 310 326 ‘202
393 287 711 326 SALLUSTII
757 288 1153 329 FRAGMENTA.

239 414 311 450 qua
340 413 448 450 super
486 400 582 436 omni
615 413 767 450 corpore
808 400 950 451 quietus
996 401 1148 438 invicem
1186 407 1309 437 tractu

238 464 339 514 pedis
359 464 461 514 quasi
479 464 704 515 gubernator
732 464 930 502 existeret:
973 478 1028 508 ea,
1056 465 1148 501 inter
1178 463 1314 500 molem

236 538 344 578 atque
364 528 514 566 insulam
532 528 633 573 mari,
661 528 879 565 vitabundus
894 528 1041 565 classem
1060 528 1236 573 hostium,
1267 527 1314 564 ad

239 593 416 644 oppidum
436 592 610 643 pervenit.
672 592 781 630 Idem.

294 658 390 695 Nam
409 657 471 707 qui
490 671 593 694 enare
613 657 733 693 conati
746 655 902 700 fuerant,
921 656 984 693 icti
1004 669 1108 705 saepe
1121 655 1314 692 ferramen-

241 721 288 758 tis
307 721 464 765 navium,
493 729 556 757 aut
575 720 748 757 vulnerati
768 734 788 756 a
817 720 900 763 suis,
932 728 995 756 aut
1024 719 1163 756 adflicti
1193 718 1312 755 alveos

243 786 419 822 undarum
440 785 485 828 vi,
513 783 673 821 mulcato
707 784 813 821 foede
845 797 1012 833 corpore,
1042 791 1226 833 postremo
1258 791 1315 819 ta-

241 863 321 886 men
341 849 489 898 periere.
547 848 655 892 Idem,
675 858 706 885 et
724 850 921 886 Arusianus
943 848 1098 885 Messus.

296 914 392 951 Nam
411 913 519 949 tertia
538 922 626 949 tunc
645 920 735 956 erat,
763 921 801 949 et
829 911 981 949 sublima
1013 911 1143 949 nebula
1172 910 1315 949 coelum

240 977 472 1014 obscurabat.
526 978 621 1013 Non.

297 1040 407 1078 Illum
425 1040 544 1077 nautis
563 1039 695 1078 forum.
752 1042 860 1079 Idem.

240 1185 376 1210 ORATIO
397 1185 521 1209 MACRI
540 1185 697 1215 LlclNll,
723 1184 883 1208 TRIBUNI
902 1183 1048 1213 PLEBIS,
1071 1183 1124 1206 AD
1144 1181 1310 1206 PLEBEM.

297 1288 350 1332 Si,
372 1289 547 1338 QuiriteS,
571 1302 697 1338 parum
717 1288 997 1331 existumaretis,
1026 1286 1128 1336 quod
1147 1285 1241 1322 inter
1254 1287 1314 1336 jus

240 1366 259 1389 a
289 1354 483 1404 majoribus
512 1353 679 1390 relictum
698 1354 800 1390 vobis
819 1362 855 1389 et
875 1353 947 1388 hoc
966 1366 986 1388 a
1019 1350 1118 1388 Sulla
1147 1359 1314 1399 paratum

241 1417 423 1454 servitium
451 1417 666 1463 interesset3
696 1418 819 1454 multis
847 1417 935 1453 mihi
964 1416 1209 1453 disserendum
1229 1414 1317 1459 fuit,

241 1482 533 1531 docendumque,
563 1495 651 1531 quas
671 1482 719 1518 ob
739 1482 897 1533 injurias,
920 1490 956 1518 et
978 1481 1146 1531 quotiens
1166 1494 1187 1516 a
1205 1480 1318 1530 patri-

240 1547 309 1582 bus
328 1554 464 1582 armata
493 1545 617 1595 plebes
637 1546 851 1590 secessisset,
883 1546 1009 1595 utique
1030 1545 1188 1581 vindices
1215 1557 1317 1593 para—

240 1612 348 1649 visset
369 1611 484 1648 omnis
499 1611 588 1663 juris
610 1612 663 1648 sui
678 1612 844 1649 tribunos
863 1612 992 1662 plebis.
1052 1612 1162 1649 Nunc
1177 1610 1316 1648 hortari

241 1676 353 1714 modo
370 1675 548 1727 reliquum
567 1685 635 1720 est,
655 1686 691 1713 et
706 1677 756 1713 ire
776 1678 931 1727 primum
951 1677 1019 1721 via,
1040 1691 1111 1727 qua
1126 1690 1318 1726 capessun-

241 1741 323 1778 dam
337 1740 493 1777 arbitror
506 1740 725 1778 libertatem.
767 1742 898 1791 Neque
919 1755 974 1778 me
995 1741 1183 1792 praeterit,
1204 1754 1319 1790 quan-

241 1815 296 1843 tas
315 1819 402 1855 opes
423 1804 621 1842 nobilitatis
642 1805 751 1849 solus,
780 1806 974 1856 impotens,
993 1806 1086 1843 inani
1106 1807 1225 1856 specie
1244 1820 1320 1842 ma-

241 1872 427 1923 gistratus,
457 1870 589 1920 pellere
611 1871 856 1908 dominatione
877 1871 1045 1921 incipiam
1064 1887 1074 1916 ;
1104 1880 1316 1921 quantoque

241 1937 357 1974 tutius
385 1936 498 1972 factio
526 1936 717 1972 noxiorum
745 1945 845 1986 agat,
874 1949 981 1985 quam
1008 1935 1073 1972 soli
1092 1935 1315 1972 innocentes.

243 2002 330 2044 Sed,
354 2008 500 2050 practer
519 2014 619 2049 spem
639 2001 771 2036 bonam
790 2014 834 2037 ex
854 2000 970 2043 vobis,
1000 2014 1090 2051 quae
1109 2008 1248 2036 metum
1267 1998 1320 2034 vi-

240 2066 305 2109 cit,
337 2066 447 2102 statui
478 2065 681 2102 certaminis
701 2064 851 2101 advorsa
878 2078 946 2114 pro
977 2064 1143 2101 libertate
1172 2063 1322 2113 potiora

241 2144 317 2167 esse
332 2128 419 2168 forti
434 2129 523 2173 viro,
543 2142 651 2181 quam
665 2129 811 2166 omnino
827 2142 897 2166 non
918 2128 1118 2165 certavisse.
1178 2128 1320 2181 Quam-
