1497 2689
249 281 323 316 11¹5.-
440 275 751 316 SALLUSTII
780 273 1118 316 JUGURTHA.

250 389 382 439 ubique
401 388 515 426 hostis
534 399 670 440 ageret,
699 388 895 438 explorare.
953 388 1151 436 Postquam
1178 385 1315 424 Rutili-

250 467 310 490 um
335 453 534 490 consedisse
562 456 647 504 jam,
675 461 712 489 ct
735 452 851 489 animo
881 466 1044 496 vacuum,
1072 451 1227 501 accepit,
1267 450 1315 488 si-

251 518 396 568 mulque
415 532 458 556 cx
479 518 683 568 ,iugurthae
702 517 839 566 proelio
867 517 1056 554 clamorem
1075 515 1198 567 augeri
1215 530 1226 561 ς
1254 529 1313 553 ve-

249 582 351 625 ritus,
372 596 414 618 ue
433 582 587 633 legatus,
616 580 764 632 cognita
783 594 833 624 re,
860 579 1104 617 laborantibus
1125 580 1195 616 suis
1213 578 1316 616 auxi-

250 645 297 683 lio
318 645 426 690 foret,
455 646 578 689 aciem,
601 660 720 695 quam,
740 644 902 681 diffidens
915 645 1038 681 virtuti
1054 644 1218 681 militum.
1238 657 1316 681 arc-

250 718 287 746 te
321 719 508 753 statuerat,
538 723 610 761 quo
642 709 801 745 hostium
833 708 949 745 itineri
981 708 1168 752 obficeret,
1209 708 1316 745 latius

251 774 430 824 porrigit3
459 787 573 822 eoque
592 773 701 810 modo
721 773 765 809 ad
790 771 919 809 Rutilii
937 781 1053 809 castra
1070 772 1250 822 procedit.

306 901 427 939 LIIL
488 901 663 938 Romm
685 913 728 936 ex
748 899 941 949 improviso
960 899 1114 948 pulveris
1129 899 1199 935 vim
1218 912 1320 950 mag-

251 979 333 1002 nam
351 965 653 1009 aniinadvortiint,
682 977 759 1000 nam
794 971 1030 1012 prospectum
1049 975 1135 1012 ager
1166 963 1321 1001 arbustis

254 1029 412 1066 consitus
431 1028 658 1078 prohibebat.
716 1028 769 1065 Et
789 1026 904 1076 primo
917 1026 997 1071 rati,
1016 1026 1166 1064 humum
1185 1027 1319 1064 aridam

252 1103 359 1130 vento
378 1092 534 1143 agitari:
564 1100 662 1140 post,
690 1091 751 1127 ubi
772 1091 993 1140 aequabilem
1012 1104 1164 1135 manere,
1192 1100 1244 1136 et,
1277 1091 1323 1128 si-

250 1156 326 1194 cuti
345 1156 436 1193 acies
456 1155 678 1198 movebatur,
708 1154 820 1204 magis
849 1155 1034 1205 magisque
1053 1154 1322 1205 adpropinqua-

257 1234 306 1264 re,
326 1220 461 1262 vident,
490 1218 639 1269 cognita
657 1232 708 1261 re,
728 1226 960 1267 properantes
979 1230 1074 1254 arma
1092 1217 1254 1268 capiunt,
1279 1232 1321 1256 ac

251 1298 318 1335 pro
338 1283 475 1326 castris,
504 1282 608 1319 sicuti
624 1282 878 1331 imperabatur,
897 1282 1112 1319 consistunt.
1161 1283 1324 1328 Deinde,

252 1348 313 1385 ubi
333 1347 482 1397 propius
501 1355 660 1390 ventum,
689 1345 869 1395 utrimque
896 1359 1028 1396 magno
1047 1345 1203 1383 elamore
1236 1361 1323 1384 con..

253 1421 414 1451 currunt.
472 1410 665 1454 Numidae,
684 1410 938 1447 tantummodo
957 1410 1138 1454 remorati,
1167 1411 1254 1448 dum
1286 1411 1322 1448 in

252 1475 451 1525 elephantis
470 1473 640 1510 auxilium
658 1482 803 1523 putant,
845 1484 1039 1523 postquam
1058 1473 1250 1523 impeditos
1269 1464 1324 1512 ra}

252 1540 317 1576 mis
331 1540 513 1582 arborum,
532 1546 642 1587 atque
656 1537 706 1573 ita
722 1536 892 1588 disjectos
907 1537 1166 1582 circumveniri,
1187 1537 1322 1583 vident,

252 1604 378 1655 fugam
411 1602 571 1639 faciunt:
602 1614 643 1638 ac
673 1600 848 1650 plerique,
876 1601 1024 1652 abjectis
1057 1601 1177 1645 armis,
1205 1601 1321 1646 collis,

252 1678 314 1706 aut
334 1668 465 1710 noctis,
494 1680 585 1716 quae
611 1668 685 1716 jam
705 1665 841 1709 aderat,
870 1664 1001 1701 auxilio
1020 1664 1152 1716 integri
1171 1665 1319 1704 abeunt.

254 1730 450 1782 Elephanti
470 1738 627 1780 quatuor
642 1729 754 1778 capti,
775 1728 900 1778 reliqui
920 1742 1055 1772 omnes,
1074 1742 1220 1765 numero
1238 1743 1323 1780 qua-

253 1799 432 1851 draginta,
461 1795 655 1833 interfecti.
713 1795 774 1832 At
793 1795 960 1838 Romani,
981 1808 1198 1844 quamquam
1218 1794 1322 1836 itine-

253 1878 290 1900 re
309 1872 419 1912 atque
438 1874 547 1910 opere
566 1868 765 1896 castrorum
783 1866 820 1894 et
840 1857 978 1907 proelio
997 1857 1079 1894 fessi
1104 1857 1262 1907 laetique
1286 1872 1323 1895 e-

255 1937 333 1964 rant
353 1942 362 1972 ;
391 1935 524 1968 tamen,
545 1924 643 1974 quod
659 1922 832 1960 Metellus
851 1922 1002 1973 amplius
1021 1922 1187 1972 opinione
1206 1936 1325 1960 mora-

254 1993 376 2036 batur,
403 1988 571 2027 instructi
589 1988 790 2038 intentique
804 1987 946 2024 obviam
965 1987 1180 2036 procedunt.
1226 1987 1322 2026 Nam

256 2055 361 2092 dolus
381 2054 620 2092 Numidarum
639 2051 727 2088 nihil
745 2051 920 2102 languidi,
949 2065 1062 2100 neque
1083 2050 1230 2095 remissi,
1258 2064 1324 2100 pa-

256 2120 427 2158 tiebatur.
475 2118 539 2156 Ac
558 2117 688 2167 primo,
707 2116 862 2154 obscura
876 2124 996 2160 nocte,
1014 2124 1209 2166 postquam
1223 2115 1321 2153 haud
