1497 2689
226 299 276 337 76
422 296 734 335 SALLUSTH
762 296 1103 337 JUGURTHA.

226 408 294 445 lius
314 408 494 444 sociorum
525 408 669 459 injurias
697 422 820 445 curare
844 409 943 447 licet.
1014 409 1179 446 Tantum
1209 400 1305 446 illud·

227 485 363 516 vereor,
392 485 435 508 ne
464 485 556 521 quos
574 471 713 521 privata
742 473 898 509 amicitia
925 473 1145 524 Jugurthae‚
1176 485 1303 522 parum

228 536 390 587 cognita,
420 545 642 572 transvorsos
662 545 772 586 agat:
803 551 896 586 quos
913 551 984 589 ego
1004 538 1110 575 audio
1136 550 1304 574 maxuma

228 613 297 648 ope
318 599 397 643 niti,
417 599 565 643 ambire,
595 599 748 650 fatigare
769 614 832 637 vos
860 601 1034 652 singulos,
1063 616 1105 639 ne
1139 601 1228 651 quid
1259 601 1306 638 de

228 664 389 707 absente,
428 663 616 714 incognita
649 678 786 708 caussa,
829 665 998 702 statuatis
1015 680 1024 702 ι
1079 666 1216 716 fingere
1248 677 1307 702 me

229 728 348 771 verba,
376 726 503 778 fugam
522 727 699 772 simulare,
727 729 785 765 cui
804 728 943 766 licuerit
961 729 996 765 in
1011 743 1125 781 regno
1144 742 1300 766 manere.

230 791 344 840 Quod
363 792 500 829 utinam
518 790 633 835 illum,
661 795 763 843 cujus
781 793 892 842 impio
919 792 1078 831 facinore
1097 794 1134 830 in
1153 793 1218 830 has
1237 793 1304 830 mi-

229 856 334 894 serias
347 859 531 907 projectus
547 870 639 901 sum,
659 858 783 894 eadem
797 858 885 895 haec
899 859 1124 896 simulantem
1144 859 1306 904 videam3

228 929 266 957 et
282 920 476 969 aliquando
489 929 553 957 aut
568 922 666 969 apud
685 936 761 966 vos,
780 932 843 959 aut
858 923 956 972 apud
974 924 1061 960 deos
1080 922 1307 967 immortalis,

231 998 348 1023 rerum
366 984 603 1022 humanarum
636 999 723 1022 cura
740 986 904 1025 oriaturx
936 1001 1002 1025 nae
1018 987 1092 1032 ille,
1124 988 1187 1038 qui
1212 1001 1307 1024 nunc

230 1047 422 1086 sceleribus
442 1048 511 1085 suis
541 1048 643 1086 ferox
664 1058 774 1100 atque
807 1050 1010 1100 praeclarus
1043 1061 1112 1096 est,
1140 1052 1318 1094 omnibus·

231 1112 333 1151 malis
349 1112 591 1156 excruciatus,
620 1113 816 1163 impietatis
843 1116 878 1151 in
912 1125 1097 1165 parentem
1127 1126 1307 1160 nostrum,

230 1176 350 1213 fratris
362 1177 432 1215 mei
443 1177 553 1220 necis,
570 1191 800 1228 mearumque
813 1179 1030 1216 miseriarum
1044 1180 1162 1231 gravis
1175 1192 1310 1229 poenas

230 1243 368 1280 reddet.
445 1243 540 1286 Jam,
568 1245 657 1294 jam,
691 1242 815 1287 frater,
848 1244 969 1280 animo
996 1258 1078 1281 meo
1101 1245 1309 1288 carissume‚

231 1320 451 1356 quamquam
468 1306 675 1350 immaturo,
703 1316 740 1344 et
759 1307 854 1345 unde
878 1308 1035 1345 minume
1067 1308 1205 1352 decuit,
1235 1307 1310 1345 vita

230 1379 355 1421 erepta
369 1380 442 1416 est3
463 1381 582 1408 tamen
600 1370 807 1408 laetandum
823 1373 950 1423 magis,
971 1386 1079 1422 quam
1099 1372 1310 1416 dolendum,

233 1444 325 1485 puto
344 1449 468 1473 casum
486 1444 616 1479 tuum3
646 1449 719 1472 non
749 1436 844 1472 enim
871 1451 1037 1488 regnum,
1077 1437 1140 1473 sed
1169 1435 1310 1487 fugam,

232 1500 410 1544 exsilium,
430 1508 644 1551 egestatem,
664 1508 701 1536 et
714 1500 829 1537 omnis
839 1501 917 1545 has,
937 1514 1030 1551 quae
1049 1514 1106 1538 me
1125 1508 1311 1551 premunt,

218 1578 432 1608 .aerumnas,
449 1577 532 1601 cum
547 1564 664 1600 anima
678 1563 783 1600 simul
801 1564 962 1602 amisisti.
998 1565 1060 1602 At
1078 1579 1151 1616 ego
1169 1563 1313 1608 infelix,

233 1630 267 1665 in
289 1633 389 1666 tanta
408 1627 501 1667 mala
519 1628 779 1678 praecipitatus
802 1643 846 1665 ex
879 1629 1000 1678 patrio
1032 1643 1159 1680 regno,
1192 1642 1312 1666 rerum

232 1695 469 1731 humanarum
488 1692 737 1743 spectaculum
767 1694 938 1743 praebeo,
966 1693 1125 1730 incertus
1155 1693 1244 1743 quid
1273 1707 1312 1730 a·

233 1773 345 1810 gam3
374 1768 499 1795 tuasne
518 1758 661 1809 injurias
680 1771 887 1807 persequar,
920 1757 998 1807 ipse
1029 1756 1153 1794 auxilii
1183 1771 1310 1808 egens,

232 1837 275 1860 an
295 1837 409 1874 regno
428 1821 627 1866 consulam,
657 1824 759 1873 cujus
778 1822 872 1858 vitae
891 1822 1060 1872 necisque
1078 1830 1242 1871 potestas
1264 1835 1310 1858 ex

232 1888 363 1937 opibus
383 1887 504 1924 alienis
524 1886 672 1936 pendet.
730 1886 885 1924 Utinam
913 1886 1025 1923 emori
1045 1885 1200 1923 fortunis
1219 1886 1308 1922 meis

234 1952 407 1989 honestus
426 1951 545 1988 exitus
564 1959 672 1994 esset,
700 1964 769 1986 neu
788 1951 904 1987 vivere
933 1958 1140 1987 contemtus
1158 1941 1313 1994 viderer,

233 2017 275 2064 si,
291 2016 453 2054 defessus
469 2015 583 2060 malis,
598 2015 746 2067 injuriae
761 2016 1030 2053 concessissem.
1072 2016 1181 2053 Nunc
1197 2029 1316 2064 neque

233 2081 348 2118 vivere
367 2080 484 2124 lubet,
503 2094 620 2130 neque
640 2079 732 2116 mori
749 2079 837 2117 licet
857 2081 930 2117 sine
950 2080 1139 2117 dedecore.
1187 2080 1315 2117 Patres

235 2145 447 2196 conscripti,
475 2158 554 2195 per,
574 2157 650 2189 vos,
669 2143 801 2182 liberos
817 2153 928 2195 atque
947 2153 1127 2195 parentes,
1157 2158 1223 2195 per
1240 2156 1321 2181 maa*
