1451 2719
297 306 610 346 SALLUSTII
647 307 1033 346 FRAGMENTA.
1132 309 1200 347 191

191 418 453 470 Transgressos
482 433 605 455 omnes
634 419 762 470 recipit
788 433 888 456 mons
921 417 1074 463 Ballera‚
1105 432 1207 468 prae-

137 490 267 532 ceptus
287 495 307 518 a
327 482 528 520 Lusitanis.
587 484 682 521 Idem
700 484 831 521 ibidem.

191 545 328 583 Earum
347 545 447 590 aliae,
468 546 666 596 paullulum
686 560 909 599 progressae,
928 547 1036 584 nimio
1052 546 1156 584 simul
1169 556 1206 584 et

137 611 276 647 incerto
295 624 417 654 onere,
445 625 528 647 cum
548 625 659 660 pavor
677 625 830 661 corpora
849 611 1062 662 agitaverat,
1090 611 1208 661 depri-

137 674 339 711 mebantur.
398 675 504 712 Idem.

191 737 339 775 Locum
353 738 556 782 editiorem,
575 752 683 788 quam
699 739 893 776 victoribus
908 739 1075 782 decebat,
1094 737 1205 789 capit.

138 803 242 841 Serv.
265 804 343 839 viii.
366 803 546 840 Aeneidos.
603 804 801 840 Arusianus
823 804 976 840 Messus.

126 871 128 874 ’
193 864 247 902 Et
262 879 347 903 mox
366 867 531 904 Fufidius
551 867 739 904 adveniens
759 881 842 904 cum
871 866 1086 918 legionibus,
1106 875 1209 916 post-

139 942 248 978 quam
279 939 397 967 tantas
428 931 651 980 asperitates,
677 931 774 967 haud
793 930 934 967 facilem
963 930 1210 981 pugnantibus

138 993 285 1038 vadum,
305 1004 438 1031 cuncta
455 994 566 1038 hosti,
587 1008 694 1044 quam
715 995 800 1039 suis,
820 995 1084 1045 opportuniora
1098 995 1209 1032 videt.

140 1059 289 1096 Nonius.

192 1122 290 1160 Cum
312 1123 493 1159 Sertorius
513 1136 628 1172 neque
647 1132 864 1172 erumperet,
893 1132 968 1160 tam
996 1122 1063 1160 levi
1092 1123 1211 1173 copia,

137 1185 288 1222 navibus
306 1185 432 1237 fugam
455 1187 670 1223 maturabat.
729 1189 831 1224 Serv.
890 1187 928 1223 F
927 1187 997 1237 uld.
1057 1187 1210 1225 Messus.

195 1249 340 1287 Itineris
359 1263 484 1287 eorum
513 1250 689 1288 Metellus
717 1265 782 1301 per
800 1250 938 1288 litteras
958 1265 1103 1303 gnarus.
1160 1253 1216 1290 A·

139 1316 312 1352 rusianus.

195 1379 327 1429 Itaque
349 1379 519 1417 Servilius
534 1388 726 1430 aegrotum
747 1379 901 1416 Tarenti
917 1379 1094 1430 collegam
1114 1380 1214 1429 prior

140 1454 398 1496 transgressus,
427 1444 498 1480 iter
515 1444 626 1480 vortit
649 1444 694 1480 ad
723 1444 924 1493 Corycum,
954 1444 1079 1480 urbem
1099 1444 1216 1481 inclu-

141 1520 246 1556 tam;
274 1520 473 1560 pastusque
501 1522 659 1553 nemore,
692 1509 726 1544 in
756 1522 829 1557 quo
857 1521 1005 1544 crocum
1035 1508 1211 1559 gignitur.

144 1577 262 1614 Prisc.
316 1577 411 1613 Non.

195 1640 266 1678 Ad
287 1640 491 1690 Olympum
510 1647 620 1688 atque
642 1637 844 1675 Phaselida.
905 1639 1022 1675 Prisc.

195 1704 316 1754 Apud
337 1704 535 1754 Corycum.
594 1703 700 1739 Idem.

195 1768 317 1818 Apud
337 1767 460 1805 Lethe
480 1766 671 1816 oppidum,
692 1763 899 1803 cui'nomen
920 1765 1108 1804 oblivionis
1127 1781 1214 1806 con·

142 1832 319 1870 diderant.
377 1832 485 1869 Idem.
544 1832 645 1868 Serv.
668 1831 720 1867 ad
734 1832 758 1867 i.
779 1830 960 1868 Aeneidos.

144 1944 163 1950 ὁ.
181 1895 383 1948 'Repulsus
402 1909 422 1931 a
443 1894 565 1932 Lethe
585 1894 735 1944 oppido.
793 1895 900 1932 Idem.
959 1896 1081 1935 Prisc.

173 1947 179 1951 ι
197 1961 319 2011 Apud
340 1960 536 1998 Mutinam.
595 1959 702 1996 Idem.

197 2025 319 2075 Apud
341 2025 532 2062 Praeneste
551 2022 704 2059 locatus.
763 2022 869 2061 Idem.

198 2089 328 2128 Medio
347 2088 427 2125 diei.
487 2088 639 2125 Ilffessus.

201 2153 375 2204 Quietam
394 2167 414 2190 a
431 2151 536 2190 bellis
555 2151 749 2189 civitatem.
807 2151 915 2190 Idem.
