1497 2689
170 322 245 359 110
364 316 679 358 SALLUSTII
710 310 1052 357 JUGURTHA.·

164 433 300 482 pinqua
319 431 421 468 loca.-
457 445 512 474 ea,
533 430 673 467 consita
691 431 858 474 arbustis,
884 443 1015 479 pecore
1036 436 1146 477 atque
1165 425 1248 464 cul:

165 496 304 533 toribus
325 495 662 544 frequentabantur.

223 625 382 662 XLIX.
416 625 577 661 IclTuR
612 623 647 659 in
681 636 725 659 eo
758 621 865 666 colle,
898 631 1006 672 quem
1038 631 1243 658 transvorso

167 689 292 725 itinere
330 697 542 738 porrectum
571 687 775 731 docuimus,
818 686 1018 737 Jugurtha,
1051 693 1246 722 extenuata

168 765 314 789 suorum
335 751 425 794 acie,
445 751 609 787 consedit
627 766 636 788 ε
666 750 868 800 elephantis
888 759 925 786 et
944 750 1038 799 parti
1058 749 1246 799 copiarum

166 817 390 866 pedestrium
420 815 660 852 Bomilcarem
694 815 884 865 praefecit,
917 829 1071 864 eumque
1101 815 1246 857 edocet,

168 895 260 931 quae
280 889 405 931 ageret
423 895 431 916 :
461 880 538 929 ipse
566 880 717 929 propior
737 889 900 916 montem
925 892 1008 916 curn
1028 878 1127 917 omni
1146 877 1250 927 equi-

168 956 249 983 tatu
270 946 409 994 pedites
430 944 583 981 dilectos
601 944 758 980 collocat
775 959 784 981 :
815 944 912 987 dein,
934 942 1093 993 singulas
1112 951 1250 978 turmas

169 1020 278 1059 atque
299 1008 500 1058 manipulos
516 1008 742 1051 circumiens,
763 1017 887 1044 monet
902 1016 1012 1057 atque
1027 1007 1250 1049 obtestatur,

170 1074 239 1118 uti,
273 1087 448 1110 memores
480 1073 651 1122 pristinae
679 1073 822 1110 virtutis
855 1082 892 1109 et
923 1072 1107 1115 victoriae,
1141 1084 1251 1120 seque

171 1152 398 1188 regnumque
415 1150 517 1173 suum
534 1138 579 1173 ab
600 1137 849 1173 Romanorum
865 1137 1013 1173 avaritia
1028 1135 1224 1172 defendant
1239 1150 1249 1172 :

173 1216 255 1239 cum
275 1203 330 1239 his
350 1211 531 1239 certamen
547 1200 638 1245 fore,
654 1215 745 1250 quos
761 1210 879 1244 antea,
894 1200 1023 1243 victos,
1040 1200 1105 1236 sub
1120 1201 1253 1251 jugum

172 1267 332 1303 miserint
350 1282 358 1304 ε
390 1267 520 1303 ducem
539 1263 620 1309 illis,
641 1279 712 1301 non
732 1265 903 1309 animum,
925 1273 1105 1301 mutatum
1122 1278 1131 1301 ε
1161 1277 1254 1313 quae

173 1333 218 1368 ab
239 1331 456 1380 imperatore
476 1330 676 1373 decuerint,
702 1329 821 1366 omnia
840 1330 911 1366 suis
930 1329 1073 1379 provisa
1091 1344 1101 1373 ;
1130 1327 1254 1365 locum

174 1396 408 1445 superiorem,
424 1394 476 1431 uti
493 1394 690 1444 prudentes
706 1407 788 1430 cum
804 1393 991 1443 imperitis,
1007 1407 1050 1429 ne
1066 1392 1255 1442 pauciores

175 1473 259 1497 cum
289 1459 468 1509 pluribus,
499 1466 562 1494 aut
581 1459 688 1494 rudes
708 1471 792 1494 cum
812 1457 909 1494 bello
928 1456 1151 1500 melioribus,
1181 1469 1257 1492 ma-

175 1539 262 1561 num
282 1532 538 1560 consererent:
569 1522 721 1572 proinde
750 1522 865 1571 parati
892 1520 1095 1571 intentique
1123 1530 1260 1563 essent,-

176 1590 281 1640 signo
298 1589 399 1631 dato,
425 1587 611 1624 Romanos
626 1586 791 1623 invadere
807 1602 816 1624 :
838 1585 939 1622 illum
954 1586 1049 1622 diem
1064 1595 1126 1622 aut
1142 1584 1258 1621 omnis

177 1654 319 1690 labores
339 1662 374 1689 et
395 1651 564 1688 victorias
586 1651 897 1694 confirmaturum,
926 1659 989 1687 aut
1009 1661 1259 1686 maxumarum

179 1731 429 1755 aerumnarum
444 1716 587 1752 initium
602 1714 693 1752 fore.
740 1715 810 1752 Ad
824 1715 895 1751 hoc
911 1714 1060 1758 viritim,
1076 1722 1117 1750 ut
1133 1726 1260 1763 quem-

181 1799 251 1834 que
271 1784 319 1820 ob
340 1782 491 1819 militare
507 1780 644 1817 facinus
665 1780 818 1829 pecunia
832 1788 895 1816 aut
911 1779 1048 1815 honore
1063 1777 1260 1821 extulerat,

181 1846 492 1884 commonefacere
510 1844 676 1882 beneficii
696 1844 764 1887 sui,
792 1853 829 1880 et
857 1857 940 1880 eum
967 1842 1087 1892 ipsum
1107 1841 1182 1878 aliis
1202 1855 1261 1878 os-

182 1921 347 1949 tentare:
370 1919 570 1960 postremo,
590 1923 657 1959 pro
673 1911 847 1960 cujusque
867 1907 1026 1959 ingenio,
1046 1906 1267 1950 minitando,

183 1977 417 2019 obtestando,
447 1975 555 2011 alium
575 1974 644 2010 alio
665 1974 775 2010 modo
795 1972 953 2009 excitare
971 1987 980 2009 :
1011 1984 1094 2008 curn
1117 1970 1267 2007 interim

186 2041 374 2085 Metellus,
404 2041 552 2092 ignarus
580 2039 753 2082 hostiurn,
785 2046 909 2074 monte
937 2035 1150 2087 degrediens
1178 2047 1262 2072 cum

185 2106 349 2144 exercitu
368 2105 615 2154 conspicitur:
636 2102 753 2153 primo
769 2102 914 2145 dubius,
933 2100 1105 2150 quidnam
1119 2098 1263 2136 insolita

188 2172 298 2210 facies
313 2171 534 2214 ostenderet,
559 2169 661 2220 (nam
681 2168 774 2205 inter
790 2165 946 2218 virgulta
960 2164 1045 2215 equi
1064 2164 1267 2203 Numidae-
