1451 2719
300 309 615 349 SALLUSTII
646 309 1036 350 FRAGMENTA.
1138 311 1211 348 183

135 423 195 463 «ui
226 436 292 474 per
321 431 381 460 tot
413 418 558 460 vulnera
600 433 637 460 et
671 424 811 461 labores
848 423 937 461 nihil
974 430 1117 473 praeter
1152 430 1212 471 ty-

135 501 286 526 annum
314 487 517 537 quaesitum
550 497 617 525 est.
676 488 755 526 Nisi
777 487 871 525 forte
890 487 1120 527 tribuniciam
1144 500 1212 536 po-

136 561 307 590 testatem
326 566 489 589 evcrsum
510 551 667 602 profecti
687 562 769 590 sunt
789 566 854 603 per
885 565 994 596 arma,
1028 550 1212 588 conditam

136 630 158 654 a
175 616 369 669 maioribus
390 617 474 660 suis,
514 617 640 667 utique
655 619 736 669 jura
754 626 791 654 et
806 616 944 668 judicia
977 616 1121 653 sibimet
1151 629 1214 652 ex-

136 691 373 732 torquerent:
409 682 558 733 egregia
577 682 715 720 scilicet
735 682 914 726 mercede,
943 695 1039 727 cum,
1065 680 1215 732 relegati

135 746 172 783 in
192 746 342 796 paludes
361 756 397 783 et
419 746 536 790 silvas,
565 746 821 784 contumeliam
841 756 952 797 atque
974 746 1141 783 invidiam
1157 759 1217 782 su-

136 824 208 854 am,
223 810 379 861 praemia
394 824 505 861 penes
520 824 670 861 paucos,
683 811 938 863 intelligerent.
966 812 1090 862 Quare
1101 810 1217 862 igitur

137 885 243 914 tanto
267 875 409 926 agmine
435 884 545 926 atque
574 876 700 912 animis
728 876 892 913 incedit?
926 876 1010 926 quia
1039 875 1217 913 secundae

138 954 194 977 res
227 940 314 976 mire
348 948 431 976 sunt
461 939 553 976 vitiis
587 940 784 985 obtentui;
814 940 947 990 quibus
975 939 1217 983 labefactatis,

139 1019 249 1057 quam
276 1004 494 1042 formidatus
514 1014 619 1042 antea
639 1016 708 1050 est,
738 1015 813 1042 tam
843 1014 1124 1050 contemnetur3
1153 1004 1219 1041 nisi

142 1070 238 1108 forte
258 1070 377 1120 specie
396 1070 612 1107 concordiae
631 1080 668 1108 et
688 1070 801 1120 pacis,
821 1083 912 1120 quae
933 1070 1055 1107 sceleri
1074 1078 1111 1106 et
1138 1082 1222 1119 par-

140 1135 267 1171 ricidio
300 1148 366 1171 suo
401 1135 544 1170 nomina
576 1134 720 1172 indidit.
779 1135 911 1184 Neque
945 1134 1047 1170 aliter
1080 1132 1219 1184 populo

142 1198 311 1237 Romano
330 1211 406 1235 esse
426 1197 510 1234 belli
531 1198 638 1235 finem
668 1198 730 1242 ait,
772 1198 837 1234 nisi
857 1206 997 1234 maneat
1016 1197 1167 1247 expulsa
1185 1210 1223 1233 a-

141 1262 216 1315 gris
244 1261 382 1312 plebes,
412 1262 544 1312 praeda
563 1262 676 1299 civilis
704 1262 943 1300 acerbissuma
962 1277 972 1307 ;
996 1264 1068 1313 jus,
1091 1261 1224 1313 judici-

141 1340 276 1378 umque
290 1327 452 1364 omnium
469 1341 587 1364 rerum
607 1341 717 1378 penes
733 1341 782 1371 se,
805 1328 904 1377 quod
919 1327 1046 1378 populi
1066 1327 1224 1364 Romani

140 1391 224 1430 fuit.
283 1392 390 1442 Quae
409 1391 438 1428 si
458 1392 561 1428 vobis
580 1405 652 1442 pax
672 1401 709 1429 et
730 1392 925 1429 concordia
945 1391 1221 1443 intelleguntur,

142 1468 311 1492 maxuma
340 1455 572 1492 turbamenta
591 1455 812 1506 reipublicae
831 1465 943 1506 atque
962 1456 1073 1493 exitia
1092 1457 1226 1506 proba-

142 1529 207 1557 te:
238 1519 385 1556 annuite
413 1519 556 1570 legibus
584 1520 791 1570 impositis:
823 1520 980 1570 accipite
999 1520 1116 1557 otium
1141 1534 1224 1557 cum

141 1583 315 1628 servitio;
345 1592 380 1620 et
402 1583 535 1621 tradite
556 1583 765 1634 exemplum
794 1584 948 1634 posteris
970 1584 1015 1621 ad
1043 1583 1224 1634 populum

146 1648 355 1686 Romanum
384 1648 513 1685 suimet
544 1649 727 1699 sanguinis
756 1649 920 1686 mercede
946 1650 1227 1687 circumvenien-

142 1713 245 1751 dum.
303 1713 414 1756 Mihi,
445 1727 663 1764 quamquam
692 1728 757 1764 per
783 1713 855 1751 hoc
884 1728 1064 1751 summum
1082 1714 1227 1765 imperi-

143 1792 206 1815 um
234 1778 320 1815 satis
340 1777 544 1828 quaesitum
562 1787 639 1815 erat
659 1778 794 1815 nomini
822 1781 1012 1831 majorum,
1040 1779 1226 1830 dignitati,

144 1852 256 1895 atque
270 1843 379 1881 etiam
400 1843 592 1894 praesidio,
623 1852 742 1881 tamen
762 1858 833 1880 non
855 1844 925 1882 fuit
945 1844 1132 1882 consilium
1154 1845 1228 1895 pri-

144 1918 246 1946 vatas
265 1922 353 1958 opes
374 1907 492 1945 facere
511 1924 521 1953 ;
551 1907 750 1959 potiorque
771 1909 844 1946 visa
872 1919 926 1946 est
956 1909 1159 1959 periculosa
1186 1909 1228 1946 li-

145 1973 269 2010 bertas
301 1973 429 2023 quieto
464 1973 621 2010 servitio.
681 1976 788 2024 Quae
819 1974 847 2011 si
879 1975 1056 2025 probatis,
1090 1975 1227 2020 adeste,

145 2037 326 2088 Quirites,
359 2046 412 2080 et,
445 2038 536 2075 bene
565 2038 778 2089 juvantibus
811 2038 892 2083 diis,
930 2039 989 2077 M.
1025 2039 1227 2076 Aemilium

144 2101 333 2139 consulem
354 2101 485 2139 ducem
504 2111 543 2140 et
561 2111 748 2140 auctorem
769 2103 957 2154 sequimini
976 2104 1022 2141 ad
1047 2105 1227 2157 recipiun-

147 2165 232 2206 dam
251 2165 468 2206 libertatem.
