1451 2719
311 320 623 360 SALLUSTII
653 320 991 361 JUGURTHA.
1110 322 1179 360 131

107 442 180 476 sus,
198 430 244 469 ad
259 439 404 482 tempus
418 445 488 469 non
505 434 614 477 venit,
634 444 824 483 metusque
839 446 912 469 rem
928 430 1149 480 impediebat
1165 448 1177 477 ;

108 495 303 541 Bomilcar,
333 496 436 534 simul
454 498 609 545 cupidus
629 497 773 547 incepta
792 496 970 547 patrandi,
989 505 1027 532 et
1047 496 1179 534 timore

105 560 192 598 socii
212 560 352 604 anxius,
373 574 429 603 ne,
448 561 579 598 omisso
596 571 712 598 vetere
728 561 890 605 consilio,
919 574 1052 597 novum
1069 574 1180 609 quae·

105 631 213 668 reret,
233 624 370 662 litteras
389 625 434 660 ad
447 639 529 661 eum
549 640 614 675 per
628 625 789 662 homines
806 624 920 661 fidelis
940 624 1066 668 mittit,
1087 625 1181 662 mol-

104 687 217 726 litiem
237 688 507 738 secordiamque
527 690 590 725 viri
611 689 768 726 accusari
785 704 794 726 :
828 688 953 726 testari
985 688 1085 732 deos,
1114 703 1180 739 per

103 765 197 802 quos
210 752 413 804 juravisset,
455 753 609 802 praemia
630 751 773 790 Metelli
792 752 826 788 in
856 761 994 802 pestem
1014 767 1058 789 ne
1088 767 1178 790 con-

104 825 257 854 verteret
276 832 285 854 ε
308 817 513 867 Jugurthae
528 817 678 852 exitium
693 816 815 853 adesse
833 832 842 861 ;
863 824 1038 861 ceterum,
1054 830 1179 862 suane,

105 892 148 917 an
169 880 301 916 virtute
323 879 479 924 Metelli,
508 880 654 929 periret,
682 880 719 916 id
739 880 847 917 modo
867 879 996 930 agitari
1014 894 1023 917 ε
1054 881 1178 930 proin.

105 944 150 980 de
170 953 353 994 reputaret
373 957 456 980 cum
472 944 590 980 animo
611 957 689 988 suo,
705 944 875 993 praemia,
896 957 938 980 an
959 944 1178 988 cruciatum,

106 1007 239 1044 mallet.

158 1131 318 1172 LXXI.
378 1135 473 1179 SED,
518 1146 601 1171 cum
633 1135 699 1171 hae
731 1134 872 1172 litterae
902 1135 1055 1179 adlatae,
1083 1135 1180 1173 forte

106 1198 304 1242 Nabdalsa,
333 1198 496 1234 exercito
516 1211 669 1247 corpore
689 1197 816 1242 fessus,
845 1199 879 1235 in
900 1199 997 1235 lecto
1018 1199 1181 1248 quiesce-

105 1263 170 1300 bat
188 1271 198 1308 ς
228 1261 303 1305 ubi,
331 1261 490 1312 cognitis
526 1261 738 1299 Bomilcaris
770 1263 901 1307 verbis,
929 1263 1046 1312 primo
1080 1276 1181 1307 cura,

105 1326 248 1369 deinde,
276 1325 330 1362 uti
349 1338 498 1376 aegrum
517 1325 672 1361 animum
693 1325 798 1369 solet,
819 1339 962 1362 somnus
983 1327 1093 1376 cepit.
1127 1326 1182 1363 E-

105 1398 162 1425 rat
191 1389 223 1426 ei
257 1388 418 1426 Numida
450 1388 597 1438 quidam
630 1389 862 1439 negotiorum
892 1399 1051 1434 curator,
1086 1389 1182 1427 fidus

106 1461 366 1502 acceptusque,
385 1461 422 1489 et
442 1452 602 1488 omnium
623 1451 865 1496 consiliorum,
886 1453 951 1490 nisi
971 1453 1180 1498 novissumi,

108 1516 304 1566 particeps.
338 1515 428 1565 Qui,
449 1525 643 1564 postquam
657 1515 794 1553 adlatas
813 1515 951 1553 litteras
971 1517 1121 1560 audivit,
1136 1531 1180 1554 ex

108 1579 369 1618 consuetudine
389 1588 487 1615 ratus
507 1592 616 1628 opera
644 1587 706 1615 aut
726 1579 870 1630 ingenio
892 1593 958 1617 suo
981 1594 1073 1629 opus
1092 1594 1182 1625 esse,

107 1645 142 1681 in
162 1643 435 1682 tabernaculum
448 1643 608 1679 introivit
626 1657 634 1680 :
666 1643 866 1680 dormiente
881 1643 956 1687 illo,
976 1643 1182 1693 epistolam,

109 1721 217 1758 super
235 1716 347 1758 caput
366 1707 401 1743 in
417 1705 564 1757 pulvino
579 1715 712 1743 temere
732 1707 902 1756 positam,
924 1707 1032 1744 sumit
1048 1721 1089 1744 ac
1102 1722 1186 1758 per-

108 1771 197 1823 legit
216 1787 226 1817 3
255 1772 335 1809 dein
356 1785 521 1821 propere,
551 1770 709 1820 cognitis
729 1770 875 1814 insidiis,
895 1771 941 1807 ad
961 1785 1083 1822 regem
1103 1785 1185 1821 per-

109 1837 178 1888 git.
236 1835 434 1880 Nabdalsa,
463 1843 547 1884 post
566 1834 688 1884 paullo
708 1844 955 1884 experrectus,
986 1835 1047 1872 ubi
1067 1849 1183 1885 neque

108 1899 298 1951 epistolam
318 1900 464 1950 reperit,
483 1907 520 1936 et
536 1911 610 1935 rem
624 1912 781 1942 omnem,
800 1898 855 1935 uti
875 1907 971 1942 acta,
991 1901 1184 1950 cognovit,

109 1966 225 2015 primo
244 1965 398 2002 indicem
417 1962 583 2014 persequi
610 1970 763 1999 conatus
781 1978 791 2007 ;
820 1971 1015 2012 postquam
1035 1962 1072 2000 id
1090 1962 1184 2001 frus-

108 2039 165 2067 tra
184 2028 268 2074 fuit,
295 2027 516 2080 Jugurtham
536 2026 702 2076 placandi
730 2026 848 2077 gratia
880 2027 1048 2064 accedit:
1091 2041 1183 2078 quae

108 2093 186 2144 ipse
205 2094 413 2143 paravisset,
442 2091 591 2142 perfidia
613 2090 754 2128 clientis
786 2091 840 2128 sui
872 2100 1089 2141 praeventa:
1133 2093 1185 2130 la-

110 2170 275 2196 crumans
291 2159 498 2196 obtestatur
517 2168 581 2206 per
599 2154 807 2201 amicitiam,
835 2167 973 2206 perque
993 2170 1056 2194 sua
1079 2166 1183 2196 antea

594 2218 684 2255 R2
