<?xml version="1.0" encoding="UTF-8"?>
<!DOCTYPE html PUBLIC "-//W3C//DTD XHTML 1.0 Transitional//EN"
    "http://www.w3.org/TR/xhtml1/DTD/xhtml1-transitional.dtd">
<html xmlns="http://www.w3.org/1999/xhtml" xml:lang="en" lang="en">
 <head>
  <title>
</title>
<meta http-equiv="Content-Type" content="text/html;charset=utf-8" />
  <meta name='ocr-system' content='tesseract 3.04.00' />
  <meta name='ocr-capabilities' content='ocr_page ocr_carea ocr_par ocr_line ocrx_word'/>
</head>
<body>
  <div class='ocr_page' id='page_1' title='image "./quaesupersuntope00salluoft_0046.png"; bbox 0 0 1497 2689; ppageno 0'>
   <div class='ocr_carea' id='block_1_1' title="bbox 226 288 1076 332">
    <p class='ocr_par' dir='ltr' id='par_1_1' title="bbox 226 288 1076 332">
     <span class='ocr_line' id='line_1_1' title="bbox 226 288 1076 332; baseline 0.008 -7"><span class='ocrx_word' id='word_1_1' title='bbox 226 292 276 326; x_wconf 74' lang='lat'>34«</span> <span class='ocrx_word' id='word_1_2' title='bbox 429 288 741 329; x_wconf 88' lang='lat' dir='ltr'>SALLUSTII</span> <span class='ocrx_word' id='word_1_3' title='bbox 771 292 1076 332; x_wconf 86' lang='lat' dir='ltr'>CATILINA.</span> 
     </span>
    </p>
   </div>
   <div class='ocr_carea' id='block_1_2' title="bbox 227 399 1305 580">
    <p class='ocr_par' dir='ltr' id='par_1_2' title="bbox 227 399 1305 580">
     <span class='ocr_line' id='line_1_2' title="bbox 227 399 1301 457; baseline 0.007 -21"><span class='ocrx_word' id='word_1_4' title='bbox 227 399 409 444; x_wconf 87' lang='lat' dir='ltr'>consultu,</span> <span class='ocrx_word' id='word_1_5' title='bbox 431 415 555 437; x_wconf 83' lang='lat' dir='ltr'>caussa</span> <span class='ocrx_word' id='word_1_6' title='bbox 574 403 736 452; x_wconf 85' lang='lat' dir='ltr'>cognita,</span> <span class='ocrx_word' id='word_1_7' title='bbox 751 403 785 440; x_wconf 92' lang='lat' dir='ltr'>in</span> <span class='ocrx_word' id='word_1_8' title='bbox 805 404 944 442; x_wconf 89' lang='lat' dir='ltr'>vincula</span> <span class='ocrx_word' id='word_1_9' title='bbox 963 407 1166 457; x_wconf 77' lang='lat' dir='ltr'>conjecerat</span> <span class='ocrx_word' id='word_1_10' title='bbox 1182 421 1192 451; x_wconf 91' lang='lat'>;</span> <span class='ocrx_word' id='word_1_11' title='bbox 1214 405 1301 443; x_wconf 87' lang='lat' dir='ltr'>item</span> 
     </span>
     <span class='ocr_line' id='line_1_3' title="bbox 227 464 1305 520; baseline 0.005 -19"><span class='ocrx_word' id='word_1_12' title='bbox 227 465 261 501; x_wconf 90' lang='lat' dir='ltr'>in</span> <span class='ocrx_word' id='word_1_13' title='bbox 282 464 450 502; x_wconf 83' lang='lat' dir='ltr'>ulteriore</span> <span class='ocrx_word' id='word_1_14' title='bbox 478 465 600 503; x_wconf 86' lang='lat' dir='ltr'>Gallia</span> <span class='ocrx_word' id='word_1_15' title='bbox 623 467 668 504; x_wconf 89' lang='lat' dir='ltr'>C.</span> <span class='ocrx_word' id='word_1_16' title='bbox 691 466 860 514; x_wconf 79' lang='lat' dir='ltr'>Murena,</span> <span class='ocrx_word' id='word_1_17' title='bbox 893 470 953 520; x_wconf 92' lang='lat' dir='ltr'>qui</span> <span class='ocrx_word' id='word_1_18' title='bbox 973 470 1004 507; x_wconf 87' lang='lat' dir='ltr'>ei</span> <span class='ocrx_word' id='word_1_19' title='bbox 1033 469 1235 519; x_wconf 90' lang='lat' dir='ltr'>provinciae</span> <span class='ocrx_word' id='word_1_20' title='bbox 1254 469 1305 506; x_wconf 84' lang='lat' dir='ltr'>le-</span> 
     </span>
     <span class='ocr_line' id='line_1_4' title="bbox 229 538 532 580; baseline 0.003 -14"><span class='ocrx_word' id='word_1_21' title='bbox 229 538 337 580; x_wconf 88' lang='lat' dir='ltr'>gatus</span> <span class='ocrx_word' id='word_1_22' title='bbox 357 540 532 580; x_wconf 79' lang='lat' dir='ltr'>praeerat.</span> 
     </span>
    </p>
   </div>
   <div class='ocr_carea' id='block_1_3' title="bbox 225 659 1325 2191">
    <p class='ocr_par' dir='ltr' id='par_1_3' title="bbox 225 659 1325 2191">
     <span class='ocr_line' id='line_1_5' title="bbox 284 659 1306 711; baseline 0 -15"><span class='ocrx_word' id='word_1_23' title='bbox 284 659 448 697; x_wconf 88' lang='lat' dir='ltr'>XLIII.</span> <span class='ocrx_word' id='word_1_24' title='bbox 487 660 559 698; x_wconf 70' lang='lat' dir='ltr'>Ar</span> <span class='ocrx_word' id='word_1_25' title='bbox 593 661 732 698; x_wconf 81' lang='lat' dir='ltr'>Romae</span> <span class='ocrx_word' id='word_1_26' title='bbox 761 661 943 699; x_wconf 82' lang='lat' dir='ltr'><strong>Lentulus</strong></span> <span class='ocrx_word' id='word_1_27' title='bbox 971 677 1053 699; x_wconf 89' lang='lat' dir='ltr'>cum</span> <span class='ocrx_word' id='word_1_28' title='bbox 1073 662 1214 706; x_wconf 88' lang='lat' dir='ltr'>ceteris,</span> <span class='ocrx_word' id='word_1_29' title='bbox 1244 660 1306 711; x_wconf 80' lang='lat' dir='ltr'>qui</span> 
     </span>
     <span class='ocr_line' id='line_1_6' title="bbox 228 723 1308 775; baseline 0.001 -15"><span class='ocrx_word' id='word_1_30' title='bbox 228 723 406 773; x_wconf 81' lang='lat' dir='ltr'>principes</span> <span class='ocrx_word' id='word_1_31' title='bbox 426 725 686 775; x_wconf 81' lang='lat' dir='ltr'>conjurationis</span> <span class='ocrx_word' id='word_1_32' title='bbox 705 735 818 769; x_wconf 84' lang='lat' dir='ltr'>erant,</span> <span class='ocrx_word' id='word_1_33' title='bbox 846 726 992 775; x_wconf 89' lang='lat' dir='ltr'>paratis,</span> <span class='ocrx_word' id='word_1_34' title='bbox 1017 736 1059 763; x_wconf 87' lang='lat' dir='ltr'>ut</span> <span class='ocrx_word' id='word_1_35' title='bbox 1078 727 1308 768; x_wconf 81' lang='lat' dir='ltr'>videbantur,</span> 
     </span>
     <span class='ocr_line' id='line_1_7' title="bbox 230 787 1307 841; baseline 0.002 -18"><span class='ocrx_word' id='word_1_36' title='bbox 230 787 368 838; x_wconf 84' lang='lat' dir='ltr'>magnis</span> <span class='ocrx_word' id='word_1_37' title='bbox 388 788 514 837; x_wconf 84' lang='lat' dir='ltr'>copiis,</span> <span class='ocrx_word' id='word_1_38' title='bbox 543 788 819 832; x_wconf 84' lang='lat' dir='ltr'>constituerant,</span> <span class='ocrx_word' id='word_1_39' title='bbox 849 790 916 834; x_wconf 88' lang='lat' dir='ltr'>uti,</span> <span class='ocrx_word' id='word_1_40' title='bbox 945 791 1102 828; x_wconf 82' lang='lat' dir='ltr'>Catilina</span> <span class='ocrx_word' id='word_1_41' title='bbox 1124 791 1158 827; x_wconf 89' lang='lat' dir='ltr'>in</span> <span class='ocrx_word' id='word_1_42' title='bbox 1181 803 1307 841; x_wconf 85' lang='lat' dir='ltr'>agrum</span> 
     </span>
     <span class='ocr_line' id='line_1_8' title="bbox 234 852 1308 903; baseline 0 -14"><span class='ocrx_word' id='word_1_43' title='bbox 234 852 469 889; x_wconf 83' lang='lat' dir='ltr'>Faesulanum</span> <span class='ocrx_word' id='word_1_44' title='bbox 485 866 568 888; x_wconf 88' lang='lat' dir='ltr'>cum</span> <span class='ocrx_word' id='word_1_45' title='bbox 584 852 748 896; x_wconf 88' lang='lat' dir='ltr'>venisset,</span> <span class='ocrx_word' id='word_1_46' title='bbox 778 852 828 892; x_wconf 88' lang='lat' dir='ltr'>L.</span> <span class='ocrx_word' id='word_1_47' title='bbox 848 854 982 897; x_wconf 82' lang='lat' dir='ltr'>Bestia,</span> <span class='ocrx_word' id='word_1_48' title='bbox 1002 854 1166 890; x_wconf 83' lang='lat' dir='ltr'>tribunus</span> <span class='ocrx_word' id='word_1_49' title='bbox 1181 854 1308 903; x_wconf 87' lang='lat' dir='ltr'>plebis,</span> 
     </span>
     <span class='ocr_line' id='line_1_9' title="bbox 230 918 1308 968; baseline 0.002 -14"><span class='ocrx_word' id='word_1_50' title='bbox 230 918 404 955; x_wconf 83' lang='lat' dir='ltr'>concione</span> <span class='ocrx_word' id='word_1_51' title='bbox 423 918 559 961; x_wconf 88' lang='lat' dir='ltr'>habita,</span> <span class='ocrx_word' id='word_1_52' title='bbox 588 927 799 968; x_wconf 80' lang='lat' dir='ltr'>quereretur</span> <span class='ocrx_word' id='word_1_53' title='bbox 817 919 861 955; x_wconf 90' lang='lat' dir='ltr'>de</span> <span class='ocrx_word' id='word_1_54' title='bbox 880 918 1082 956; x_wconf 84' lang='lat' dir='ltr'>actionibus</span> <span class='ocrx_word' id='word_1_55' title='bbox 1107 918 1308 961; x_wconf 75' lang='lat' dir='ltr'>Ciceronis,</span> 
     </span>
     <span class='ocr_line' id='line_1_10' title="bbox 230 982 1308 1033; baseline 0.001 -14"><span class='ocrx_word' id='word_1_56' title='bbox 230 982 385 1032; x_wconf 85' lang='lat' dir='ltr'>bellique</span> <span class='ocrx_word' id='word_1_57' title='bbox 404 982 612 1033; x_wconf 78' lang='lat' dir='ltr'>gravissumi</span> <span class='ocrx_word' id='word_1_58' title='bbox 630 982 797 1018; x_wconf 89' lang='lat' dir='ltr'>invidiam</span> <span class='ocrx_word' id='word_1_59' title='bbox 815 992 969 1032; x_wconf 89' lang='lat' dir='ltr'>optumo</span> <span class='ocrx_word' id='word_1_60' title='bbox 988 982 1127 1020; x_wconf 89' lang='lat' dir='ltr'>consuli</span> <span class='ocrx_word' id='word_1_61' title='bbox 1146 983 1308 1033; x_wconf 82' lang='lat' dir='ltr'>impone-</span> 
     </span>
     <span class='ocr_line' id='line_1_11' title="bbox 230 1046 1308 1097; baseline -0.001 -13"><span class='ocrx_word' id='word_1_62' title='bbox 230 1056 285 1084; x_wconf 91' lang='lat' dir='ltr'>ret</span> <span class='ocrx_word' id='word_1_63' title='bbox 303 1062 313 1092; x_wconf 91' lang='lat'>;</span> <span class='ocrx_word' id='word_1_64' title='bbox 342 1061 386 1083; x_wconf 91' lang='lat' dir='ltr'>eo</span> <span class='ocrx_word' id='word_1_65' title='bbox 406 1046 523 1097; x_wconf 85' lang='lat' dir='ltr'>signo,</span> <span class='ocrx_word' id='word_1_66' title='bbox 551 1060 728 1096; x_wconf 87' lang='lat' dir='ltr'>proxuma</span> <span class='ocrx_word' id='word_1_67' title='bbox 742 1056 850 1084; x_wconf 89' lang='lat' dir='ltr'>nocte</span> <span class='ocrx_word' id='word_1_68' title='bbox 870 1056 990 1084; x_wconf 85' lang='lat' dir='ltr'>cetera</span> <span class='ocrx_word' id='word_1_69' title='bbox 1008 1046 1204 1084; x_wconf 85' lang='lat' dir='ltr'>multitudo</span> <span class='ocrx_word' id='word_1_70' title='bbox 1220 1061 1308 1084; x_wconf 91' lang='lat' dir='ltr'>con-</span> 
     </span>
     <span class='ocr_line' id='line_1_12' title="bbox 225 1111 1310 1163; baseline 0 -15"><span class='ocrx_word' id='word_1_71' title='bbox 225 1112 415 1163; x_wconf 83' lang='lat' dir='ltr'>jurationis</span> <span class='ocrx_word' id='word_1_72' title='bbox 430 1125 533 1148; x_wconf 87' lang='lat' dir='ltr'>suum</span> <span class='ocrx_word' id='word_1_73' title='bbox 549 1111 699 1161; x_wconf 89' lang='lat' dir='ltr'>quisque</span> <span class='ocrx_word' id='word_1_74' title='bbox 714 1111 903 1162; x_wconf 87' lang='lat' dir='ltr'>negotium</span> <span class='ocrx_word' id='word_1_75' title='bbox 918 1119 1211 1160; x_wconf 87' lang='lat' dir='ltr'>exsequerentur.</span> <span class='ocrx_word' id='word_1_76' title='bbox 1236 1111 1310 1148; x_wconf 88' lang='lat' dir='ltr'>Sed</span> 
     </span>
     <span class='ocr_line' id='line_1_13' title="bbox 230 1170 1309 1218; baseline -0.001 -5"><span class='ocrx_word' id='word_1_77' title='bbox 230 1190 272 1214; x_wconf 86' lang='lat' dir='ltr'>ea</span> <span class='ocrx_word' id='word_1_78' title='bbox 290 1176 400 1212; x_wconf 90' lang='lat' dir='ltr'>divisa</span> <span class='ocrx_word' id='word_1_79' title='bbox 415 1176 485 1212; x_wconf 92' lang='lat' dir='ltr'>hoc</span> <span class='ocrx_word' id='word_1_80' title='bbox 506 1176 615 1212; x_wconf 91' lang='lat' dir='ltr'>modo</span> <span class='ocrx_word' id='word_1_81' title='bbox 635 1175 848 1212; x_wconf 87' lang='lat' dir='ltr'>dicebantur</span> <span class='ocrx_word' id='word_1_82' title='bbox 865 1191 873 1213; x_wconf 92' lang='lat'>:</span> <span class='ocrx_word' id='word_1_83' title='bbox 921 1170 1098 1218; x_wconf 83' lang='lat' dir='ltr'>Statilius,</span> <span class='ocrx_word' id='word_1_84' title='bbox 1129 1174 1309 1213; x_wconf 88' lang='lat' dir='ltr'>Gabinius</span> 
     </span>
     <span class='ocr_line' id='line_1_14' title="bbox 232 1238 1310 1290; baseline -0.002 -14"><span class='ocrx_word' id='word_1_85' title='bbox 232 1240 284 1276; x_wconf 83' lang='lat' dir='ltr'>uti</span> <span class='ocrx_word' id='word_1_86' title='bbox 300 1253 383 1276; x_wconf 89' lang='lat' dir='ltr'>cum</span> <span class='ocrx_word' id='word_1_87' title='bbox 398 1253 528 1290; x_wconf 81' lang='lat' dir='ltr'>magna</span> <span class='ocrx_word' id='word_1_88' title='bbox 546 1253 653 1275; x_wconf 90' lang='lat' dir='ltr'>manu</span> <span class='ocrx_word' id='word_1_89' title='bbox 668 1239 859 1276; x_wconf 88' lang='lat' dir='ltr'>duodecim</span> <span class='ocrx_word' id='word_1_90' title='bbox 879 1239 983 1275; x_wconf 89' lang='lat' dir='ltr'>simul</span> <span class='ocrx_word' id='word_1_91' title='bbox 997 1247 1203 1288; x_wconf 90' lang='lat' dir='ltr'>opportuna</span> <span class='ocrx_word' id='word_1_92' title='bbox 1229 1238 1310 1276; x_wconf 89' lang='lat' dir='ltr'>loca</span> 
     </span>
     <span class='ocr_line' id='line_1_15' title="bbox 231 1302 1308 1352; baseline -0.002 -12"><span class='ocrx_word' id='word_1_93' title='bbox 231 1303 327 1340; x_wconf 88' lang='lat' dir='ltr'>urbis</span> <span class='ocrx_word' id='word_1_94' title='bbox 343 1303 588 1347; x_wconf 82' lang='lat' dir='ltr'>incenderent,</span> <span class='ocrx_word' id='word_1_95' title='bbox 608 1317 681 1352; x_wconf 91' lang='lat' dir='ltr'>quo</span> <span class='ocrx_word' id='word_1_96' title='bbox 697 1302 856 1339; x_wconf 87' lang='lat' dir='ltr'>tumultu</span> <span class='ocrx_word' id='word_1_97' title='bbox 872 1302 1011 1339; x_wconf 84' lang='lat' dir='ltr'>facilior</span> <span class='ocrx_word' id='word_1_98' title='bbox 1025 1302 1143 1339; x_wconf 90' lang='lat' dir='ltr'>aditus</span> <span class='ocrx_word' id='word_1_99' title='bbox 1158 1302 1204 1338; x_wconf 87' lang='lat' dir='ltr'>ad</span> <span class='ocrx_word' id='word_1_100' title='bbox 1223 1316 1308 1339; x_wconf 93' lang='lat' dir='ltr'>con-</span> 
     </span>
     <span class='ocr_line' id='line_1_16' title="bbox 232 1366 1313 1417; baseline -0.001 -13"><span class='ocrx_word' id='word_1_101' title='bbox 232 1367 357 1411; x_wconf 82' lang='lat' dir='ltr'>sulem,</span> <span class='ocrx_word' id='word_1_102' title='bbox 375 1377 529 1411; x_wconf 88' lang='lat' dir='ltr'>ceteros,</span> <span class='ocrx_word' id='word_1_103' title='bbox 544 1367 675 1417; x_wconf 91' lang='lat' dir='ltr'>quibus</span> <span class='ocrx_word' id='word_1_104' title='bbox 691 1366 835 1403; x_wconf 86' lang='lat' dir='ltr'>insidiae</span> <span class='ocrx_word' id='word_1_105' title='bbox 850 1367 1080 1416; x_wconf 85' lang='lat' dir='ltr'>parabantur,</span> <span class='ocrx_word' id='word_1_106' title='bbox 1096 1367 1215 1403; x_wconf 88' lang='lat' dir='ltr'>fieret:</span> <span class='ocrx_word' id='word_1_107' title='bbox 1241 1366 1313 1404; x_wconf 91' lang='lat' dir='ltr'>Ce-</span> 
     </span>
     <span class='ocr_line' id='line_1_17' title="bbox 231 1432 1313 1484; baseline -0.001 -14"><span class='ocrx_word' id='word_1_108' title='bbox 231 1434 367 1484; x_wconf 85' lang='lat' dir='ltr'>thegus</span> <span class='ocrx_word' id='word_1_109' title='bbox 387 1433 574 1470; x_wconf 87' lang='lat' dir='ltr'>Ciceronis</span> <span class='ocrx_word' id='word_1_110' title='bbox 584 1436 729 1484; x_wconf 88' lang='lat' dir='ltr'>januam</span> <span class='ocrx_word' id='word_1_111' title='bbox 748 1432 943 1476; x_wconf 86' lang='lat' dir='ltr'>obsideret,</span> <span class='ocrx_word' id='word_1_112' title='bbox 972 1446 1055 1469; x_wconf 89' lang='lat' dir='ltr'>eum</span> <span class='ocrx_word' id='word_1_113' title='bbox 1074 1433 1107 1468; x_wconf 85' lang='lat' dir='ltr'>vi</span> <span class='ocrx_word' id='word_1_114' title='bbox 1136 1433 1313 1483; x_wconf 85' lang='lat' dir='ltr'>adgrede-</span> 
     </span>
     <span class='ocr_line' id='line_1_18' title="bbox 233 1495 1312 1546; baseline -0.001 -12"><span class='ocrx_word' id='word_1_115' title='bbox 233 1506 345 1541; x_wconf 81' lang='lat' dir='ltr'>retur,</span> <span class='ocrx_word' id='word_1_116' title='bbox 362 1497 449 1533; x_wconf 82' lang='lat' dir='ltr'>alius</span> <span class='ocrx_word' id='word_1_117' title='bbox 464 1505 584 1533; x_wconf 83' lang='lat' dir='ltr'>autem</span> <span class='ocrx_word' id='word_1_118' title='bbox 604 1496 710 1532; x_wconf 83' lang='lat' dir='ltr'>alium</span> <span class='ocrx_word' id='word_1_119' title='bbox 726 1511 737 1533; x_wconf 85' lang='lat'>:</span> <span class='ocrx_word' id='word_1_120' title='bbox 763 1496 826 1533; x_wconf 91' lang='lat' dir='ltr'>sed</span> <span class='ocrx_word' id='word_1_121' title='bbox 840 1495 902 1533; x_wconf 89' lang='lat' dir='ltr'>filii</span> <span class='ocrx_word' id='word_1_122' title='bbox 917 1496 1141 1540; x_wconf 82' lang='lat' dir='ltr'>familiarum,</span> <span class='ocrx_word' id='word_1_123' title='bbox 1157 1506 1312 1546; x_wconf 82' lang='lat' dir='ltr'>quorum</span> 
     </span>
     <span class='ocr_line' id='line_1_19' title="bbox 232 1553 1315 1610; baseline 0 -12"><span class='ocrx_word' id='word_1_124' title='bbox 232 1577 277 1599; x_wconf 83' lang='lat' dir='ltr'>ex</span> <span class='ocrx_word' id='word_1_125' title='bbox 294 1561 481 1598; x_wconf 86' lang='lat' dir='ltr'>nobilitate</span> <span class='ocrx_word' id='word_1_126' title='bbox 497 1575 662 1597; x_wconf 80' lang='lat' dir='ltr'>maxuma</span> <span class='ocrx_word' id='word_1_127' title='bbox 676 1575 771 1610; x_wconf 86' lang='lat' dir='ltr'>pars,</span> <span class='ocrx_word' id='word_1_128' title='bbox 790 1554 955 1610; x_wconf 86' lang='lat' dir='ltr'>parentes</span> <span class='ocrx_word' id='word_1_129' title='bbox 967 1553 1211 1598; x_wconf 65' lang='lat' dir='ltr'>interficerent</span> <span class='ocrx_word' id='word_1_130' title='bbox 1230 1577 1241 1607; x_wconf 92' lang='lat'>;</span> <span class='ocrx_word' id='word_1_131' title='bbox 1267 1561 1315 1598; x_wconf 89' lang='lat' dir='ltr'>si-</span> 
     </span>
     <span class='ocr_line' id='line_1_20' title="bbox 235 1624 1315 1674; baseline -0.002 -11"><span class='ocrx_word' id='word_1_132' title='bbox 235 1626 322 1671; x_wconf 88' lang='lat' dir='ltr'>mul,</span> <span class='ocrx_word' id='word_1_133' title='bbox 342 1626 450 1663; x_wconf 84' lang='lat' dir='ltr'>caede</span> <span class='ocrx_word' id='word_1_134' title='bbox 466 1635 504 1662; x_wconf 89' lang='lat' dir='ltr'>et</span> <span class='ocrx_word' id='word_1_135' title='bbox 527 1625 694 1662; x_wconf 88' lang='lat' dir='ltr'>incendio</span> <span class='ocrx_word' id='word_1_136' title='bbox 709 1624 880 1674; x_wconf 90' lang='lat' dir='ltr'>perculsis</span> <span class='ocrx_word' id='word_1_137' title='bbox 899 1625 1078 1669; x_wconf 85' lang='lat' dir='ltr'>omnibus,</span> <span class='ocrx_word' id='word_1_138' title='bbox 1107 1626 1151 1662; x_wconf 90' lang='lat' dir='ltr'>ad</span> <span class='ocrx_word' id='word_1_139' title='bbox 1187 1625 1315 1664; x_wconf 80' lang='lat' dir='ltr'>Catili-</span> 
     </span>
     <span class='ocr_line' id='line_1_21' title="bbox 236 1689 1313 1739; baseline -0.001 -12"><span class='ocrx_word' id='word_1_140' title='bbox 236 1704 317 1727; x_wconf 85' lang='lat' dir='ltr'>nam</span> <span class='ocrx_word' id='word_1_141' title='bbox 336 1698 576 1739; x_wconf 82' lang='lat' dir='ltr'>erumperent.</span> <span class='ocrx_word' id='word_1_142' title='bbox 636 1690 739 1726; x_wconf 90' lang='lat' dir='ltr'>Inter</span> <span class='ocrx_word' id='word_1_143' title='bbox 767 1689 855 1725; x_wconf 91' lang='lat' dir='ltr'>haec</span> <span class='ocrx_word' id='word_1_144' title='bbox 882 1698 1007 1738; x_wconf 84' lang='lat' dir='ltr'>parata</span> <span class='ocrx_word' id='word_1_145' title='bbox 1025 1698 1134 1739; x_wconf 87' lang='lat' dir='ltr'>atque</span> <span class='ocrx_word' id='word_1_146' title='bbox 1153 1690 1313 1734; x_wconf 80' lang='lat' dir='ltr'>decreta,</span> 
     </span>
     <span class='ocr_line' id='line_1_22' title="bbox 236 1753 1310 1805; baseline -0.002 -12"><span class='ocrx_word' id='word_1_147' title='bbox 236 1755 428 1805; x_wconf 85' lang='lat' dir='ltr'>Cethegus</span> <span class='ocrx_word' id='word_1_148' title='bbox 458 1768 597 1804; x_wconf 86' lang='lat' dir='ltr'>semper</span> <span class='ocrx_word' id='word_1_149' title='bbox 620 1753 838 1803; x_wconf 82' lang='lat' dir='ltr'>querebatur</span> <span class='ocrx_word' id='word_1_150' title='bbox 865 1754 909 1790; x_wconf 91' lang='lat' dir='ltr'>de</span> <span class='ocrx_word' id='word_1_151' title='bbox 939 1754 1080 1804; x_wconf 76' lang='lat' dir='ltr'>ignavia</span> <span class='ocrx_word' id='word_1_152' title='bbox 1107 1755 1310 1791; x_wconf 86' lang='lat' dir='ltr'>sociorum:</span> 
     </span>
     <span class='ocr_line' id='line_1_23' title="bbox 236 1818 1315 1869; baseline -0.001 -13"><span class='ocrx_word' id='word_1_153' title='bbox 236 1819 314 1857; x_wconf 87' lang='lat' dir='ltr'>illos</span> <span class='ocrx_word' id='word_1_154' title='bbox 330 1819 544 1862; x_wconf 80' lang='lat' dir='ltr'>dubitando,</span> <span class='ocrx_word' id='word_1_155' title='bbox 559 1828 597 1855; x_wconf 88' lang='lat' dir='ltr'>et</span> <span class='ocrx_word' id='word_1_156' title='bbox 612 1818 687 1855; x_wconf 88' lang='lat' dir='ltr'>dies</span> <span class='ocrx_word' id='word_1_157' title='bbox 700 1818 926 1868; x_wconf 84' lang='lat' dir='ltr'>prolatando,</span> <span class='ocrx_word' id='word_1_158' title='bbox 939 1832 1085 1869; x_wconf 83' lang='lat' dir='ltr'>magnas</span> <span class='ocrx_word' id='word_1_159' title='bbox 1101 1819 1315 1868; x_wconf 81' lang='lat' dir='ltr'>opportuni-</span> 
     </span>
     <span class='ocr_line' id='line_1_24' title="bbox 236 1882 1315 1933; baseline -0.001 -12"><span class='ocrx_word' id='word_1_160' title='bbox 236 1893 330 1921; x_wconf 86' lang='lat' dir='ltr'>tates</span> <span class='ocrx_word' id='word_1_161' title='bbox 345 1897 574 1932; x_wconf 76' lang='lat' dir='ltr'>corrumpere</span> <span class='ocrx_word' id='word_1_162' title='bbox 593 1899 603 1928; x_wconf 87' lang='lat'>;</span> <span class='ocrx_word' id='word_1_163' title='bbox 625 1882 738 1926; x_wconf 83' lang='lat' dir='ltr'>facto,</span> <span class='ocrx_word' id='word_1_164' title='bbox 758 1897 828 1919; x_wconf 88' lang='lat' dir='ltr'>non</span> <span class='ocrx_word' id='word_1_165' title='bbox 845 1883 1025 1927; x_wconf 88' lang='lat' dir='ltr'>consulto,</span> <span class='ocrx_word' id='word_1_166' title='bbox 1047 1883 1081 1919; x_wconf 90' lang='lat' dir='ltr'>in</span> <span class='ocrx_word' id='word_1_167' title='bbox 1096 1883 1159 1920; x_wconf 86' lang='lat' dir='ltr'>tali</span> <span class='ocrx_word' id='word_1_168' title='bbox 1173 1884 1315 1933; x_wconf 90' lang='lat' dir='ltr'>pericu-</span> 
     </span>
     <span class='ocr_line' id='line_1_25' title="bbox 234 1946 1314 1998; baseline 0 -14"><span class='ocrx_word' id='word_1_169' title='bbox 234 1949 271 1986; x_wconf 92' lang='lat' dir='ltr'>lo</span> <span class='ocrx_word' id='word_1_170' title='bbox 288 1962 380 1998; x_wconf 79' lang='lat' dir='ltr'>opus</span> <span class='ocrx_word' id='word_1_171' title='bbox 395 1962 470 1984; x_wconf 89' lang='lat' dir='ltr'>esse</span> <span class='ocrx_word' id='word_1_172' title='bbox 486 1963 496 1992; x_wconf 92' lang='lat'>;</span> <span class='ocrx_word' id='word_1_173' title='bbox 518 1962 639 1997; x_wconf 88' lang='lat' dir='ltr'>seque,</span> <span class='ocrx_word' id='word_1_174' title='bbox 656 1948 683 1984; x_wconf 89' lang='lat' dir='ltr'>si</span> <span class='ocrx_word' id='word_1_175' title='bbox 698 1947 804 1996; x_wconf 89' lang='lat' dir='ltr'>pauci</span> <span class='ocrx_word' id='word_1_176' title='bbox 819 1947 1041 1998; x_wconf 78' lang='lat' dir='ltr'>adjuvarent,</span> <span class='ocrx_word' id='word_1_177' title='bbox 1059 1946 1314 1998; x_wconf 82' lang='lat' dir='ltr'>languentibus</span> 
     </span>
     <span class='ocr_line' id='line_1_26' title="bbox 235 2011 1313 2062; baseline -0.001 -13"><span class='ocrx_word' id='word_1_178' title='bbox 235 2013 325 2057; x_wconf 79' lang='lat' dir='ltr'>aliis,</span> <span class='ocrx_word' id='word_1_179' title='bbox 354 2013 528 2062; x_wconf 84' lang='lat' dir='ltr'>impetum</span> <span class='ocrx_word' id='word_1_180' title='bbox 548 2013 582 2048; x_wconf 90' lang='lat' dir='ltr'>in</span> <span class='ocrx_word' id='word_1_181' title='bbox 603 2012 737 2049; x_wconf 86' lang='lat' dir='ltr'>curiam</span> <span class='ocrx_word' id='word_1_182' title='bbox 761 2011 954 2048; x_wconf 87' lang='lat' dir='ltr'>facturum.</span> <span class='ocrx_word' id='word_1_183' title='bbox 1025 2012 1166 2050; x_wconf 79' lang='lat' dir='ltr'>Natura</span> <span class='ocrx_word' id='word_1_184' title='bbox 1197 2011 1313 2055; x_wconf 86' lang='lat' dir='ltr'>ferox,</span> 
     </span>
     <span class='ocr_line' id='line_1_27' title="bbox 238 2075 1325 2127; baseline -0.001 -13"><span class='ocrx_word' id='word_1_185' title='bbox 238 2079 440 2121; x_wconf 80' lang='lat' dir='ltr'>vehemens,</span> <span class='ocrx_word' id='word_1_186' title='bbox 469 2091 576 2115; x_wconf 83' lang='lat' dir='ltr'>manu</span> <span class='ocrx_word' id='word_1_187' title='bbox 591 2085 770 2127; x_wconf 83' lang='lat' dir='ltr'>promtus,</span> <span class='ocrx_word' id='word_1_188' title='bbox 799 2090 1005 2114; x_wconf 74' lang='lat' dir='ltr'>maxumum</span> <span class='ocrx_word' id='word_1_189' title='bbox 1020 2077 1155 2114; x_wconf 79' lang='lat' dir='ltr'>bonum</span> <span class='ocrx_word' id='word_1_190' title='bbox 1169 2076 1203 2113; x_wconf 88' lang='lat' dir='ltr'>in</span> <span class='ocrx_word' id='word_1_191' title='bbox 1222 2075 1325 2114; x_wconf 47' lang='lat' dir='ltr'>cele&lt;</span> 
     </span>
     <span class='ocr_line' id='line_1_28' title="bbox 236 2142 526 2191; baseline -0.003 -12"><span class='ocrx_word' id='word_1_192' title='bbox 236 2143 341 2181; x_wconf 79' lang='lat' dir='ltr'>ritate</span> <span class='ocrx_word' id='word_1_193' title='bbox 361 2142 526 2191; x_wconf 58' lang='lat' dir='ltr'>putabas:</span> 
     </span>
    </p>
   </div>
  </div>
 </body>
</html>
