1451 2719
316 343 631 383 SALLUSTII
662 343 1006 383 JUGURTHA.
1123 347 1198 382 163

119 468 160 495 ra
177 464 315 508 tegere,
345 466 396 500 ct,
428 456 453 492 si
475 456 535 506 qui
556 457 589 493 in
612 471 734 493 manus
754 466 937 499 venerant,
963 455 1193 492 obtruncare.

119 521 223 561 Dum
243 536 287 558 eo
303 521 411 558 modo
427 522 566 571 equites
588 522 820 572 proeliantur,
845 520 1014 558 Bocchus
1030 533 1112 556 cum
1133 533 1198 569 pe-

118 586 270 630 ditibus,
292 601 383 637 quos
405 587 542 630 Volux,
564 587 656 623 filius
675 589 763 638 ejus,
790 585 1002 627 adduxerat,
1024 598 1138 633 neque
1158 584 1193 621 in

116 651 236 701 priore
266 665 402 702 pugna,
433 652 465 687 in
499 651 623 688 itinere
653 650 793 692 morati,
820 647 1023 690 adfuerant,
1053 656 1195 697 postre-

116 727 210 752 mam
249 715 495 752 Romanorum
530 715 640 751 aciem
674 714 856 750 invadunt.
916 711 1018 748 Tum
1054 711 1193 748 Marius

116 779 215 829 apud
234 779 369 829 primos
388 780 533 830 agebat,
565 779 664 828 quod
686 779 733 815 ibi
763 776 949 828 Jugurtha
969 789 1052 812 cum
1082 775 1194 825 pluri-

116 842 195 879 mis.
256 843 352 881 Dein
375 844 548 887 Numida,
568 843 719 894 cognito
743 841 880 881 Bocchi
901 841 1070 884 adventu,
1100 839 1190 877 clam

115 919 199 943 cum
227 907 352 956 paucis
383 907 427 943 ad
456 907 595 957 pedites
615 907 822 944 couvortit:
854 905 902 942 ibi
933 904 1066 942 Latine
1090 905 1192 957 (narn

115 971 212 1020 apud
236 971 467 1008 Numantiam
488 970 587 1020 loqui
608 969 804 1021 didicerat)
828 969 1020 1013 exclamat,
1050 979 1192 1006 nostros

116 1032 251 1071 frustra
278 1049 439 1086 pugnare
458 1050 468 1079 ς
499 1034 620 1084 paullo
640 1044 722 1071 ante
752 1033 910 1071 Marium
932 1047 994 1070 sua
1014 1047 1119 1070 manu
1140 1033 1193 1071 in-

115 1097 338 1136 terfectum:
370 1098 473 1135 simul
502 1098 663 1149 gladium
693 1098 864 1149 sanguine
893 1098 1050 1135 oblitum
1070 1109 1194 1136 osten-

114 1161 213 1205 dere,
245 1175 353 1211 quem
381 1162 414 1198 in
445 1175 581 1213 pugna,
611 1163 695 1199 s‘itis
729 1161 883 1212 impigre
914 1163 1034 1198 occiso
1069 1162 1191 1212 pedite

115 1234 254 1264 nostro.
283 1235 543 1262 cruentaverat.
603 1225 717 1275 Quod
751 1225 813 1261 ubi
846 1225 976 1262 milites
1005 1239 1192 1275 accepere,

114 1289 230 1340 magis
244 1289 436 1326 atrocitate
455 1289 518 1332 rei,
539 1303 648 1339 quam
663 1290 734 1326 fide
753 1290 886 1332 nuncii,
907 1299 1089 1326 terrentur
1106 1305 1114 1327 :
1147 1291 1194 1327 si-

115 1353 263 1404 mulque
283 1354 424 1391 barbari
445 1355 580 1391 animos
600 1353 740 1397 tollere,
761 1362 796 1390 et
819 1353 852 1389 in
873 1353 1058 1403 perculsos
1074 1355 1191 1391 acrius

114 1416 292 1455 incedere.
349 1417 501 1468 Jamque
531 1417 692 1467 paullum
721 1418 765 1454 ab
794 1416 884 1468 fuga
911 1418 1074 1461 aberant,
1107 1432 1192 1455 cum

118 1481 233 1525 Sulla,
248 1481 464 1532 profligatis,
485 1495 575 1531 quos
590 1481 779 1525 adversum
800 1481 901 1524 ierat,
922 1481 1062 1519 Mauris
1077 1483 1122 1519 ab
1142 1482 1193 1520 la-

115 1554 191 1582 tere
219 1545 380 1582 incurrit.
440 1544 611 1582 Bocchus
639 1545 761 1582 statim
795 1546 983 1582 avortitur.
1042 1546 1103 1583 At
1124 1547 1193 1584 Ju-

116 1610 266 1661 gurtha,
286 1610 371 1646 dum
391 1619 590 1647 sustentare
611 1623 706 1653 suos,
735 1620 772 1646 et
792 1623 907 1659 prope
928 1613 1003 1661 jam
1023 1611 1191 1660 adeptam

116 1674 303 1712 victoriam
315 1674 480 1717 retinere,
500 1673 617 1723 cupit,
646 1674 910 1711 circumventus
923 1675 968 1711 ab
989 1676 1189 1725 equitibus,

116 1738 259 1782 dextra,
278 1738 418 1776 sinistra
435 1738 603 1774 omnibus
622 1737 764 1780 occisis,
785 1737 881 1774 solus
901 1739 994 1775 inter
1012 1738 1085 1776 tela
1104 1739 1190 1776 hos-

116 1803 208 1840 tium
239 1803 455 1841 vitabundus
484 1802 654 1852 erumpit.
711 1802 843 1852 Atque
864 1802 1004 1839 interim
1035 1803 1191 1848 Marius,

117 1865 255 1918 fugatis
284 1867 482 1917 equitibus,
513 1866 671 1902 occurrit
699 1866 832 1902 auxilio
862 1867 946 1910 suis,
980 1881 1072 1918 quos
1107 1867 1191 1917 pelli

111 1932 187 1983 jam
206 1940 407 1982 acceperat.
457 1930 628 1981 Denique
645 1930 766 1967 hostes
782 1931 941 1982 undique
957 1931 1039 1968 fusi.
1088 1932 1191 1969 Tum

118 1994 366 2045 spectaculum
388 1994 556 2031 horribile
576 1994 711 2044 campis
731 1995 940 2044 patentibus
958 2010 966 2033 :
999 1996 1113 2047 sequi,
1134 1995 1192 2033 fu-

118 2072 232 2109 gere;
265 2059 397 2102 occidi,
429 2058 537 2108 capi;
575 2058 672 2109 equi,
701 2058 765 2094 viri
794 2058 959 2104 adflicti3
998 2069 1050 2096 ac·
1072 2059 1191 2105 multi,

117 2121 323 2160 volneribus
340 2123 512 2173 acceptis,
532 2136 647 2173 neque
667 2121 794 2174 fugere
814 2137 932 2173 posse,
963 2138 1077 2175 neque
1095 2124 1194 2175 quie-

118 2195 193 2225 tem
212 2187 314 2238 pati:
336 2187 401 2226 niti
419 2187 543 2233 modo,
562 2200 602 2224 ac
623 2186 744 2224 statim
765 2188 978 2227 concidere:
1006 2197 1197 2240 postremo

613 2251 716 2289 X2
