1497 2689
262 264 340 303 232
420 261 735 305 SALLUSTH
780 262 1168 304 FRAGMENTA.

260 373 377 424 lyrici,
405 374 557 424 oppido,
586 375 686 424 quod
705 375 739 413 iu
761 375 1012 427 Paphlagonia
1031 389 1106 413 esse
1138 375 1330 414 Sallustius

260 439 408 483 indicat,
429 453 512 480 cum
531 440 576 479 de
596 440 667 481 situ
688 440 844 480 Pontico
860 440 1035 489 loquitur.
1096 441 1276 478 Commeat.
1295 442 1331 478 in

260 504 462 543 Horatium.

314 568 429 608 Porro
458 567 665 612 SallustiuS,
693 577 823 607 auctor
841 569 1086 614 certissumus,
1115 570 1237 607 asserit
1256 578 1331 606 tam

265 633 394 684 Tigris
421 647 529 683 quam
558 633 760 683 Euphratis
792 634 827 671 in
847 634 1027 675 Armenia
1046 633 1165 673 fontes
1184 634 1332 672 demon—

261 699 375 736 strari.
433 699 578 735 Hieron.
601 699 640 735 de
659 698 719 735 loc.
742 699 833 736 Heb.

313 766 410 803 Cum
441 765 544 801 multi
577 765 751 803 evaserint
785 764 987 816 Trojanum
1026 763 1240 813 periculum,
1278 765 1333 800 uti

260 830 399 879 Capys,
420 829 483 879 qui
504 829 738 878 Campaniam
756 829 901 873 tenuit3
930 837 973 865 ut
994 827 1175 872 Helenus,
1194 827 1272 877 qui,
1292 835 1333 864 ut

259 894 317 933 alii
340 894 553 938 Sardiniam,
575 894 773 931 secundum
795 892 1019 931 Sallustium.
1077 894 1234 930 Servius.

315 959 553 997 Sallustianus
573 958 804 1008 Calpurnius.
861 958 1090 1010 Hieronymus
1109 958 1161 995 ad
1176 958 1269 1008 Rus.

313 1023 546 1074 Calpurniani
565 1022 746 1073 discipuli.
801 1022 892 1060 Idem
910 1022 1040 1060 ibidem.

312 1088 454 1125 Tamen
471 1087 618 1138 vulgata
628 1089 703 1139 jam
718 1101 772 1124 res
784 1097 838 1124 est
852 1086 1041 1138 gentilium
1054 1086 1330 1136 proprietatum.

260 1153 404 1192 Comici
425 1153 593 1203 Phrygas
612 1152 759 1189 timidos
783 1151 953 1188 illudunt.
1012 1151 1203 1188 Sallustius
1224 1164 1333 1188 vanos

260 1216 428 1261 Mauros,
447 1225 484 1254 et
500 1216 638 1253 feroces
658 1216 850 1254 Dalmatas
870 1215 1004 1265 pulsat.
1051 1215 1279 1254 Tertullianus
1293 1215 1335 1253 de

261 1282 387 1318 anima.

316 1346 523 1382 sarcasmus
543 1343 762 1382 Chlcuasmo
789 1344 954 1393 proxima
985 1352 1054 1387 est,
1082 1353 1119 1380 et
1148 1343 1268 1380 similis
1288 1344 1331 1380 fi-

260 1423 365 1460 gura,
407 1422 479 1458 qua
506 1407 784 1444 adversariorum
814 1407 913 1444 facta
945 1421 1028 1444 cum
1055 1407 1331 1447 exacerbatione

259 1473 403 1510 admissi
430 1472 662 1517 lacessimus3
690 1481 732 1509 ut
765 1473 863 1522 apud
898 1472 1108 1510 Sallustium
1137 1473 1181 1511 de
1213 1471 1334 1510 Sullae

261 1536 499 1575 crudelitate:
530 1544 570 1572 ut
591 1536 625 1572 in
646 1535 705 1574 M.
728 1535 862 1580 Mario,
883 1550 966 1574 cum
981 1536 1097 1574 fracta
1116 1536 1215 1586 prius
1229 1549 1334 1573 crura

262 1617 328 1653 per
346 1611 444 1639 artus
474 1601 685 1651 exspiraret.
742 1601 819 1640 Jul.
856 1601 1065 1652 Rzfinianus
1092 1601 1132 1638 de
1158 1601 1334 1640 schematis

262 1668 382 1705 lexeos.

314 1731 608 1781 Mesopotameni
635 1730 797 1766 homines
825 1729 1016 1766 effrenatae
1044 1728 1213 1766 lubidinis
1233 1737 1332 1774 sunt,

261 1806 303 1835 ut
325 1796 517 1835 Sallustius
535 1795 711 1839 meminit,
740 1794 774 1830 in
794 1802 950 1845 utroque
971 1808 1070 1831 sexu.
1130 1793 1271 1831 Glossae
1297 1795 1333 1831 in

263 1861 478 1901 Juvenalem.

313 1926 505 1965 Antonius
533 1924 604 1968 ille,
631 1924 740 1961 trium
767 1924 1018 1961 Antoniorum
1037 1932 1244 1973 corruptor,
1273 1923 1332 1961 ille

265 1991 469 2034 Sallustius,
489 1990 550 2040 qui
569 2003 652 2025 orae
672 1988 896 2032 maritumae,
917 2002 989 2038 qua
1011 1988 1218 2025 Romanum
1236 1996 1332 2024 esset

262 2053 693 2107 imperium,1contrarius
723 2053 861 2103 piratis.
918 2053 974 2091 Hi
1008 2067 1131 2091 omnes
1151 2053 1268 2090 socios
1294 2063 1332 2090 et
