1497 2689
208 307 261 344 90
407 302 723 342 SALLUSTII
751 303 1095 343 JUGURTHA.

210 417 288 462 bat,
316 415 549 459 existumans,
570 428 644 452 sese
663 414 797 467 aliquid
815 416 957 454 interim
981 416 1122 453 Romae
1149 416 1288 465 pretio,

210 492 273 517 aut
293 481 423 531 gratia,
439 479 679 517 effecturum:
701 489 828 531 postea
841 493 924 518 vero
940 494 1047 531 quam
1067 480 1287 530 participem

210 544 350 596 negotii
372 546 549 581 Scaurum
568 553 772 594 acceperat,
813 544 848 580 in
867 558 1071 582 maxumam
1096 558 1196 594 spem
1225 544 1288 581 ad-

209 610 343 648 ductus
362 609 626 659 recuperandae
644 609 757 658 pacis,
786 609 915 646 statuit
942 623 1026 646 cum
1043 609 1092 646 eis
1112 609 1156 646 de
1171 609 1289 645 omni-

210 675 279 712 bus
312 674 540 725 pactionibus
569 688 734 724 praesens
767 688 887 726 agere.
945 675 1119 712 Ceterum
1150 675 1287 712 interea

210 739 294 776 fidei
328 753 452 776 caussa
480 739 638 776 mittitur
670 752 690 776 a
709 738 855 776 consule
878 739 1024 776 Sextius
1045 747 1214 790 quaestor
1246 740 1283 775 in

210 804 389 854 oppidum
404 803 612 855 Jugurthae
632 804 805 855 Vagam3
838 805 940 855 cujus
972 804 1023 840 rei
1043 803 1179 853 species
1210 810 1290 840 erat

210 868 377 919 acceptio
410 867 596 911 frumenti,
625 869 725 918 quod
758 867 977 917 Calpurnius
1006 867 1125 917 palam
1158 866 1293 917 legatis

209 932 444 981 imperaverat
461 948 472 977 ;
503 931 675 981 quoniam
693 932 888 969 deditionis
908 945 1009 968 mora
1026 931 1191 968 induciae
1211 930 1291 982 agi-

209 997 393 1033 tabantur.
454 996 579 1047 Igitur
607 1010 685 1041 rex,
719 997 774 1033 uti
807 996 1061 1040 constituerat,
1102 996 1138 1032 in
1171 1004 1290 1033 castra

209 1061 333 1104 venit;
363 1073 405 1096 ac
425 1073 554 1109 pauca,
583 1060 763 1109 praesenti
791 1059 955 1104 consilio,
982 1059 1129 1096 locutus
1159 1060 1204 1097 de
1235 1060 1291 1097 in-

209 1124 305 1161 vidia
324 1123 427 1168 facti,
456 1133 566 1173 atque
586 1123 621 1160 in
642 1124 863 1161 deditionem
883 1125 937 1162 uti
970 1125 1210 1174 acciperetur,
1234 1139 1290 1162 re-

208 1187 309 1238 liqua
328 1202 412 1225 cum
434 1187 558 1225 Bestia
576 1196 614 1225 et
636 1188 774 1225 Scauro
799 1198 936 1226 secreta
968 1191 1137 1242 transigit
1155 1206 1165 1229 :
1206 1191 1288 1228 dein

209 1261 359 1303 postero
379 1252 450 1296 die,
481 1252 582 1301 quasi
602 1266 668 1302 per
686 1263 844 1290 saturam
867 1254 1056 1304 exquisitis
1088 1255 1290 1300 sententiis,

209 1318 247 1354 in
268 1317 488 1354 deditionem
509 1317 701 1367 accipitur.
761 1318 847 1362 Sed,
882 1318 935 1355 uti
955 1333 1023 1368 pro
1043 1319 1192 1356 consilio
1222 1321 1290 1357 im-

209 1390 391 1432 peratum,
419 1381 604 1431 elephanti
623 1381 788 1432 triginta,
816 1396 928 1432 pecus
943 1391 1053 1433 atque
1065 1384 1149 1433 equi
1168 1384 1289 1430 multi,

209 1460 294 1483 cum
327 1460 438 1495 parvo
469 1445 611 1496 argenti
655 1446 827 1494 pondere,
865 1448 1049 1497 quaestori
1078 1448 1285 1486 traduntur.

210 1509 431 1559 Calpurnius
467 1509 625 1546 Romam
645 1510 690 1546 ad
709 1510 943 1561 magistratus
963 1512 1146 1563 rogandos
1175 1514 1289 1563 profi-

210 1574 371 1612 ciscitur.
432 1574 477 1611 In
498 1574 673 1611 Numidia
690 1583 729 1612 et
747 1576 911 1613 exercitu
930 1586 1055 1615 nostro
1075 1591 1147 1627 pax
1171 1579 1295 1630 agita--

209 1639 333 1676 batur.

265 1768 403 1806 XXX.
463 1767 705 1812 POSTQUAM
728 1781 783 1805 res
802 1767 837 1804 in
862 1768 998 1806 Africa
1027 1778 1163 1821 gestas,
1196 1783 1289 1820 quo-

211 1847 283 1884 que
302 1832 413 1869 modo
433 1841 535 1869 actae
554 1831 688 1877 forent,
717 1832 812 1870 fama
832 1833 1044 1885 divolgavit‚
1068 1835 1208 1873 Romae
1222 1849 1290 1886 per

212 1898 326 1935 omnis
346 1897 447 1934 locos
466 1906 503 1934 et
524 1906 725 1934 conventus
745 1898 790 1934 de
809 1897 910 1935 facto
945 1899 1100 1936 consulis
1130 1899 1285 1951 agitari:

212 1963 312 2013 apud
331 1961 476 2012 plebem
495 1962 614 2013 gravis
633 1961 765 1999 invidia
782 1977 792 2000 z
814 1963 941 2000 Patres
956 1963 1196 2013 probarentne
1208 1973 1289 2000 tan-

212 2036 291 2065 tum
324 2026 516 2077 flagitium,
545 2041 589 2063 an
622 2027 809 2064 decretum
839 2027 994 2064 consulis
1025 2028 1295 2072 subverterent,

212 2105 340 2142 parum
359 2092 566 2128 constabat.
623 2091 688 2129 Ac
722 2106 889 2130 maxume
908 2107 970 2129 eos
988 2092 1153 2143 potentia
1175 2093 1288 2130 Scau-

213 2157 258 2204 ri,
287 2156 388 2209 quod
405 2157 436 2195 is
455 2165 585 2195 auctor
603 2164 642 2196 et
660 2156 778 2195 socius
800 2157 944 2195 Bestiae
963 2156 1166 2203 ferebatur,
1189 2171 1211 2195 a
1228 2171 1291 2195 ve-
