1497 2689
185 261 233 296 10
389 255 704 294 SALLUSTII
735 255 1041 295 CATILINA.

191 368 407 418 sapientium
428 368 564 404 animos
584 366 742 418 fatigant
759 384 767 406 :
799 382 842 405 ne
861 368 925 413 illi,
954 367 1137 418 corruptis
1156 363 1264 419 mori,

190 432 272 477 bus,
301 432 473 468 victoriae
493 439 749 480 temperarent.

247 559 347 599 XII.
370 561 610 604 POSTQUAM
632 559 777 596 divitiae
798 559 925 596 honori
944 573 1020 596 esse
1039 573 1205 609 coepere,
1230 567 1269 599 et

191 639 251 663 eas
266 625 396 676 gloria,
409 624 613 674 imperium,
629 624 808 674 potentia,
824 625 1062 674 sequebatur3
1078 618 1270 661 hebescere

195 690 322 733 virtus,
352 698 547 739 paupertas
566 689 702 738 probro
722 688 860 732 haberi,
888 688 1092 725 innocentia
1110 702 1178 738 pro
1197 701 1273 724 ma-

194 753 379 790 livolentia
398 752 484 789 duci
503 753 639 802 coepit.
698 752 835 803 Igitur,
862 766 907 789 ex
929 752 1076 796 divitiis,
1100 754 1273 803 juventu-

193 826 270 854 tem
297 817 440 854 luxuria
468 825 579 866 atque
608 816 754 853 avaritia
783 830 865 853 cum
899 816 1067 866 superbia
1085 816 1269 853 invasere:

193 895 332 930 rapere,
353 894 584 925 consumere3
605 894 667 917 sua
687 881 786 930 parvi
802 881 971 930 pendere,
991 880 1105 917 aliena
1119 893 1272 930 cupere;

195 945 621 995 pudorem‚pudicitiam‚
631 945 749 981 divina
761 954 870 994 atque
883 945 1039 981 humana
1051 944 1274 994 promiscua,

196 1009 285 1050 nihil
305 1011 405 1059 pensi
421 1023 538 1058 neque
557 1009 734 1046 moderati
751 1009 894 1045 habere.
945 1009 1090 1058 Operae
1109 1008 1275 1059 pretium

196 1083 266 1117 est,
296 1086 409 1122 quum
430 1073 558 1109 domos
578 1082 689 1122 atque
710 1072 807 1110 villas
828 1072 1041 1123 cognoveris
1069 1072 1104 1108 in
1130 1072 1276 1109 urbium

197 1138 347 1174 modum
379 1138 647 1185 exaedificatas,
680 1137 791 1173 visere
819 1136 956 1186 templa
987 1137 1152 1180 deorum,
1182 1149 1277 1186 quae

196 1203 310 1238 nostri
330 1204 496 1253 majores,
517 1200 788 1252 religiosissumi
808 1200 991 1247 mortales,
1012 1199 1142 1236 fecere.
1200 1200 1277 1236 Ve-

195 1280 276 1302 rum
304 1264 355 1302 illi
384 1265 534 1302 delubra
562 1266 712 1301 deorum
742 1265 892 1313 pietate,
922 1263 1049 1300 domos
1077 1277 1140 1305 sua
1159 1262 1279 1314 gloria

197 1330 420 1368 decorabant
432 1345 443 1375 ;
473 1343 590 1378 neque
610 1328 715 1364 victis
735 1327 935 1377 quidquam
969 1336 1112 1377 praeter
1129 1328 1278 1379 injuriae

198 1393 383 1430 licentiam
411 1393 626 1442 eripiebant.
710 1391 772 1428 At
800 1392 838 1427 hi
871 1399 1011 1435 contra,
1044 1392 1278 1442 ignavissumi

197 1458 376 1501 homines,
397 1471 462 1507 per
482 1470 661 1493 summum
683 1455 798 1492 scelus
817 1455 937 1491 omnia
963 1468 1005 1492 ea
1020 1455 1125 1492 sociis
1144 1456 1280 1493 adime-

198 1538 249 1567 re,
279 1536 371 1572 quae
401 1520 599 1558 fortissumi
632 1520 697 1556 viri
730 1519 885 1555 victores
913 1518 1163 1569 reliquerant:
1193 1534 1280 1570 pro-

198 1588 281 1625 inde
302 1587 404 1637 quasi
431 1587 597 1638 injuriam
624 1584 756 1628 facere,
784 1584 823 1621 id
850 1583 996 1621 demum
1014 1592 1108 1621 esset
1126 1584 1280 1634 imperio

200 1661 268 1689 uti.

257 1783 381 1820 XIII.
414 1783 514 1820 NAM
538 1782 627 1831 quid
645 1795 687 1818 ea
706 1794 915 1825 memorem,
936 1795 1042 1831 quae,
1070 1781 1136 1818 nisi
1154 1781 1196 1818 iis
1216 1780 1281 1831 qui

200 1849 335 1891 videre,
352 1848 484 1884 nemini
499 1845 686 1884 credibilia
701 1854 784 1883 sunt
799 1847 811 1883 ἓ
830 1859 850 1882 a
864 1846 1014 1895 privatis
1030 1845 1281 1895 compluribus

201 1915 391 1950 subversos
407 1921 562 1957 montes,
578 1911 688 1948 maria
703 1918 914 1947 constructa
928 1924 1022 1955 esse3
1045 1911 1177 1960 quibus
1191 1910 1280 1946 mihi

200 1978 370 2014 videntur
397 1977 555 2013 ludibrio
584 1976 693 2013 fuisse
722 1974 895 2019 divitiae3
926 1976 1077 2025 quippe,
1105 1990 1195 2025 quas
1214 1975 1282 2012 ho-

200 2051 300 2079 neste
320 2042 452 2078 habere
471 2041 620 2085 licebat,
649 2040 752 2076 abuti
780 2054 845 2089 per
863 2039 1127 2089 turpitudinem
1147 2054 1280 2090 prope-

200 2107 341 2147 rabant.
393 2107 466 2144 Sed
480 2105 608 2155 lubido
628 2104 759 2154 stupri,
775 2117 924 2155 ganeae,
945 2105 1129 2157 ceterique
1145 2103 1281 2149 cultus,
