1451 2719
343 304 662 349 SALLUSTII
691 305 1029 346 JUGURTHA.
1154 310 1228 347 135

147 416 408 470 proficiscitur.
467 417 627 465 Deinde,
656 421 719 459 ubi
739 420 784 457 ad
802 419 839 456 id
866 418 938 456 loci
958 426 1116 461 ventum,
1146 432 1222 469 quo

149 481 321 521 Numidis
353 492 598 532 praeceperat,
639 494 675 523 et
713 493 830 522 castra
859 483 978 533 posita
1010 483 1219 532 munitaque

143 554 247 590 sunt,
274 554 376 583 tanta
394 556 541 596 repente
560 548 663 586 coelo
683 549 787 586 missa
805 547 856 584 vis
875 559 988 597 aquae
1007 545 1153 589 dicitur,
1178 555 1219 583 ut

144 622 190 647 ea
206 609 318 647 modo
336 611 511 648 exercitui
530 613 615 650 satis
648 626 827 664 superque
847 610 954 648 foret.
1027 610 1218 647 Praeterea

144 684 370 712 commeatus
390 688 453 725 spe
473 676 653 726 amplior3
683 677 767 728 quia
798 675 992 719 Numidae,
1019 674 1126 711 sicuti
1144 674 1220 724 ple-

145 737 248 788 rique
267 739 301 776 in
318 753 409 776 nova
429 740 626 785 deditione,
644 741 764 778 officia
776 740 1015 777 intenderant.
1045 739 1218 776 Ceterum

143 802 277 840 milites
297 803 468 854 religione
484 804 603 854 pluvia
622 805 733 857 magis
752 805 806 842 usi
822 820 831 842 :
860 817 972 853 eaque
992 817 1046 840 res
1067 802 1220 839 multum

146 867 272 904 animis
290 881 415 905 eorum
435 869 600 914 addidit3
630 883 711 906 nam
730 869 812 912 rati,
842 883 915 906 sese
935 868 991 905 dis
1010 867 1222 904 immortali-

145 931 214 968 bus
233 945 339 969 curae
358 945 447 969 esse.
505 933 652 970 Deinde
672 942 820 983 postero
846 933 917 976 die,
948 940 1076 969 contra
1105 931 1221 980 opini-

145 1008 252 1032 onem
271 996 294 1033 J
297 997 491 1047 ugurthae,
511 997 557 1033 ad
573 996 729 1034 Thalam
749 997 973 1047 perveniunt.
1019 996 1218 1046 Oppidani,

146 1059 208 1110 qui
229 1073 264 1096 se
283 1060 446 1097 locorum
465 1061 659 1110 asperitate
679 1061 837 1098 munitos
857 1062 1097 1104 crediderant,
1117 1075 1219 1111 mag·

145 1136 190 1160 na
209 1132 319 1173 atque
337 1123 482 1160 insolita
500 1138 537 1160 re
556 1124 727 1173 perculsi,
762 1124 874 1161 nihilo
905 1125 1050 1176 segnius
1083 1124 1215 1162 bellum

142 1200 295 1237 parare:
324 1187 420 1224 idem
439 1187 553 1224 nostri
581 1187 712 1225 facere.

199 1316 397 1355 LXXVI.
430 1316 512 1354 San
540 1330 615 1360 rex,
644 1316 734 1353 nihil
748 1319 822 1368 jam
852 1315 1029 1354 infectum
1063 1314 1219 1354 Metello

145 1382 306 1425 credens,
327 1382 463 1431 quippe
477 1381 540 1431 qui
560 1381 692 1426 omnia,
708 1395 818 1426 arma,
838 1382 924 1426 tela,
943 1381 1057 1425 locos,
1077 1391 1222 1431 tempo-

145 1458 198 1489 ra,
217 1445 373 1494 denique
392 1453 557 1482 naturam
576 1446 703 1494 ipsam,
723 1446 851 1483 ceteris
870 1446 1149 1495 imperitantem,
1165 1446 1220 1482 in-

146 1509 285 1546 dustria
303 1509 450 1553 vicerat,
479 1523 562 1546 cum
581 1509 700 1547 liberis
719 1520 757 1547 et
776 1524 905 1562 magna
924 1520 1026 1560 parte
1045 1510 1219 1560 pecuniae

145 1587 191 1611 ex
210 1574 347 1623 oppido
367 1584 479 1610 noctu
498 1573 665 1625 profugit
681 1589 690 1611 ι
713 1588 828 1624 neque
841 1584 968 1624 postca
987 1575 1022 1610 in
1042 1574 1116 1611 ullo
1134 1574 1217 1612 loco

146 1637 299 1687 amplius
318 1651 388 1674 una
407 1637 478 1682 die,
507 1646 570 1674 aut
591 1651 660 1674 una
679 1646 801 1682 nocte,
822 1648 997 1682 moratus,
1027 1638 1219 1676 simulabat

146 1714 222 1739 sese
241 1701 379 1753 negotii
395 1701 513 1753 gratia
533 1715 727 1751 properare
745 1717 755 1747 ;
784 1711 944 1739 ceterum
973 1703 1218 1752 proditionem

146 1765 313 1809 timebat,
342 1779 451 1816 quam
471 1765 581 1802 vitare
596 1779 700 1815 posse
720 1765 904 1804 celeritate
923 1767 1080 1815 putabat
1099 1781 1109 1804 ι
1139 1779 1222 1803 nam

146 1829 233 1867 talia
268 1829 417 1867 consilia
453 1843 518 1879 per
544 1829 660 1866 otium
700 1838 738 1867 et
770 1843 815 1867 ex
857 1831 1132 1881 opportunitate
1163 1844 1225 1868 ca-

147 1893 198 1944 pi.
255 1893 317 1931 At
337 1893 526 1936 Metellus,
567 1893 628 1930 ubi
648 1893 850 1943 oppidanos
883 1894 1021 1944 proelio
1050 1894 1224 1941 intentos,

148 1956 254 1995 simul
271 1957 448 2007 oppidum
476 1967 512 1994 et
532 1957 703 2007 operibus
730 1967 767 1995 et
786 1957 870 1996 loco
889 1958 1082 2003 munitum,
1110 1959 1222 2004 videt,

145 2021 238 2058 vallo
257 2021 424 2072 fossaque
443 2021 581 2058 moenia
600 2021 845 2059 circumvenit.
902 2022 1048 2060 Deinde
1066 2022 1155 2060 locis
1170 2036 1215 2060 ex

146 2087 253 2136 copia
271 2099 438 2123 maxume
457 2085 594 2122 idoneis
615 2085 729 2122 vineas
754 2099 875 2137 agere,
894 2100 1064 2138 aggerem
1079 2089 1215 2138 jacere,

147 2158 185 2187 et
204 2163 310 2200 super
329 2163 502 2201 aggerem
521 2148 698 2199 impositis
727 2149 885 2188 turribus
908 2164 1002 2201 opus
1032 2159 1071 2188 et
1103 2148 1215 2188 admi-

593 2213 629 2250 R
655 2215 682 2251 4
