1451 2719
363 293 678 333 SALLUSTII
708 295 1049 335 JUGURTHA.
1165 299 1238 336 1⁴43

168 406 327 443 universa
346 405 549 455 respublica
569 406 678 456 pluris
697 417 765 452 est,
800 421 906 458 quam
937 407 1145 446 consulatus
1176 416 1239 444 aut

167 480 348 521 praetura,
376 484 419 506 eo
450 473 581 522 majore
613 485 698 508 cura
731 472 982 516 administrari,
1011 486 1118 522 quam
1151 472 1239 509 haec

166 535 257 584 peti,
277 535 420 572 debere.
479 536 609 585 Neque
622 549 677 573 me
693 536 798 580 fallit,
819 545 992 586 quantum
1013 550 1096 573 cum
1116 549 1242 573 maxu-

167 612 226 636 mo
246 599 422 636 beneficio
443 609 561 636 vestro
582 600 720 651 negotii
744 600 949 637 sustineam.
1008 600 1150 637 Bellum
1179 614 1242 650 pa-

165 675 243 700 rare
269 663 385 707 simul,
415 672 451 701 et
483 664 615 701 aerario
645 678 818 714 parcere3
849 678 980 715 cogere
1000 664 1045 700 ad
1065 664 1241 709 militiam,

167 740 259 777 quos
279 727 368 764 nolis
387 727 597 773 offendere3
627 728 724 764 domi
753 727 912 779 forisque
940 728 1060 765 omnia
1087 742 1210 766 curare
1229 745 1239 773 ;

165 800 204 829 et
223 805 264 829 ea
283 805 389 844 agere
408 792 501 829 inter
520 792 671 836 invidos,
694 792 928 836 occursantis,
951 793 1137 836 factiosos,
1164 793 1243 842 opi-

166 855 286 900 nione,
314 852 491 906 Quirites,
519 856 676 906 asperius
703 866 771 894 est.
827 857 897 893 Ad
917 857 1001 900 hoc,
1029 856 1087 893 alii
1107 857 1135 893 si
1155 857 1244 894 deli-

167 935 292 971 quere,
318 930 419 958 vetus
439 920 620 964 nobilitas,
649 923 822 972 majorum
842 919 939 958 facta
958 919 1080 964 fortia,
1108 934 1244 972 cogna-

167 995 290 1022 torum
304 994 341 1022 et
356 985 527 1022 adfinium
543 999 644 1035 opes,
661 984 794 1022 multae
808 984 1142 1031 clientelam-omnia
1154 985 1243 1022 haec

168 1049 346 1099 praesidio
366 1050 524 1087 adsunt:
556 1049 642 1085 mihi
671 1063 752 1099 spes
779 1062 902 1086 omnes
928 1050 961 1086 in
989 1059 1120 1087 memet
1140 1050 1247 1095 sitae,

170 1126 259 1164 quas
274 1127 416 1150 necesse
431 1122 486 1150 cst
501 1123 538 1150 et
554 1113 701 1157 virtute,
721 1122 758 1150 et
773 1113 989 1158 innocentia,
1010 1115 1138 1152 tutari:
1161 1129 1242 1152 nam

168 1177 236 1214 alia
256 1177 394 1214 infirma
413 1186 510 1214 sunt.
571 1177 624 1214 Et
644 1177 733 1214 illud
753 1178 940 1228 intellego,
970 1178 1146 1227 Quirites,
1165 1193 1244 1216 om-

168 1241 265 1278 nium
285 1254 348 1278 ora
366 1242 400 1277 in
421 1255 477 1278 me
496 1255 666 1279 conversa
689 1257 765 1279 csse
783 1258 793 1288 ;
822 1256 956 1292 aequos
983 1244 1170 1293 bonosque
1191 1243 1245 1280 fa-

169 1319 274 1343 vere:
304 1305 441 1355 quippe
459 1304 653 1343 benefacta
671 1315 750 1343 mea
769 1306 989 1357 reipublicae
1008 1307 1213 1357 procedunt
1231 1323 1240 1346 :

168 1370 395 1408 nobilitatem
425 1370 549 1408 locum
579 1371 768 1408 invadendi
800 1385 982 1421 quaerere.
1040 1373 1128 1422 Quo
1158 1372 1245 1409 mihi

169 1434 284 1471 acrius
302 1434 537 1472 adnitendum
555 1444 624 1479 est,
644 1444 685 1471 ut
705 1449 821 1485 neque
837 1449 900 1472 vos
919 1435 1121 1486 capiamini,
1141 1445 1179 1473 et
1195 1434 1253 1474 illi·

170 1499 304 1536 frustra
330 1499 415 1535 sint.
473 1499 533 1535 Ita
559 1498 605 1535 ad
632 1499 703 1535 hoc
732 1499 861 1536 aetatis
889 1513 909 1535 a
935 1499 1089 1549 pueritia
1106 1499 1174 1544 fui,
1203 1511 1244 1538 ut

169 1563 285 1600 omnis
303 1563 456 1607 labores,
477 1562 636 1612 pericula
654 1573 826 1600 consueta
841 1564 1004 1601 habeam.
1063 1566 1168 1615 Quae
1183 1579 1245 1602 an-

169 1636 207 1664 te
226 1635 343 1664 vestra
361 1627 536 1664 beneficia
553 1627 716 1678 gratuito
736 1626 925 1672 faciebam,
944 1642 986 1666 ea
1004 1629 1072 1673 uti,
1093 1639 1245 1680 accepta

172 1691 350 1735 mercede,
370 1692 542 1736 deseram,
563 1705 634 1727 non
654 1700 709 1728 est
724 1691 926 1736 consilium,
946 1692 1122 1742 Quirites.
1167 1693 1245 1731 Illis

171 1754 317 1792 difficile
334 1766 390 1792 est
409 1755 443 1791 in
463 1755 709 1805 potestatibus
728 1766 942 1805 temperare,
968 1757 1031 1807 qui
1050 1772 1114 1807 per
1132 1759 1246 1796 ambi-

170 1820 308 1856 tionem
337 1833 412 1856 sese
440 1820 576 1869 probos
609 1819 843 1857 simulavere:
878 1820 979 1865 mihi,
1012 1822 1075 1871 qui
1102 1836 1256 1860 omnem·

171 1891 325 1920 aetatem
355 1883 390 1919 in
421 1883 581 1932 optumis
610 1883 747 1920 artibus
772 1883 845 1935 egi,
875 1884 1084 1923 benefacere
1106 1888 1180 1938 jam
1200 1897 1250 1924 ex

171 1948 432 1985 consuetudine
451 1948 486 1984 in
507 1957 671 1985 naturam
689 1948 811 1985 vertit.
870 1948 1014 1986 Bellum
1042 1964 1099 1987 me
1119 1964 1248 2001 gerere

173 2025 256 2048 cum
275 2012 460 2063 Jugurtha
474 2011 658 2063 jussistis3
688 2025 797 2062 quam
825 2026 899 2049 rem
926 2012 1094 2050 nobilitas
1122 2027 1246 2066 aegcrz

173 2089 272 2113 mme
299 2076 397 2113 tulit.
457 2078 619 2126 Quaeso,
648 2085 815 2126 reputate
844 2091 928 2114 cum
955 2079 1079 2116 animis
1104 2080 1245 2124 vestris,

172 2141 315 2178 num-id
333 2150 471 2178 mutare
491 2140 620 2178 melius
636 2141 695 2185 sit,
725 2141 751 2178 si
772 2154 878 2190 quem
897 2155 940 2179 ex
960 2141 1021 2179 illo
1040 2143 1154 2194 globo
1180 2158 1245 2181 no·
