<?xml version="1.0" encoding="UTF-8"?>
<!DOCTYPE html PUBLIC "-//W3C//DTD XHTML 1.0 Transitional//EN"
    "http://www.w3.org/TR/xhtml1/DTD/xhtml1-transitional.dtd">
<html xmlns="http://www.w3.org/1999/xhtml" xml:lang="en" lang="en">
 <head>
  <title>
</title>
<meta http-equiv="Content-Type" content="text/html;charset=utf-8" />
  <meta name='ocr-system' content='tesseract 3.04.00' />
  <meta name='ocr-capabilities' content='ocr_page ocr_carea ocr_par ocr_line ocrx_word'/>
</head>
<body>
  <div class='ocr_page' id='page_1' title='image "./quaesupersuntope00salluoft_0116.png"; bbox 0 0 1497 2689; ppageno 0'>
   <div class='ocr_carea' id='block_1_1' title="bbox 184 301 1068 343">
    <p class='ocr_par' dir='ltr' id='par_1_1' title="bbox 184 301 1068 343">
     <span class='ocr_line' id='line_1_1' title="bbox 184 301 1068 343; baseline -0.006 0"><span class='ocrx_word' id='word_1_1' title='bbox 184 307 258 343; x_wconf 75' lang='lat'>104</span> <span class='ocrx_word' id='word_1_2' title='bbox 379 304 695 343; x_wconf 88' lang='lat' dir='ltr'>SALLUSTII</span> <span class='ocrx_word' id='word_1_3' title='bbox 724 301 1068 342; x_wconf 87' lang='lat' dir='ltr'><strong>JUGURTHA.</strong></span> 
     </span>
    </p>
   </div>
   <div class='ocr_carea' id='block_1_2' title="bbox 177 406 1259 660">
    <p class='ocr_par' dir='ltr' id='par_1_2' title="bbox 177 406 1259 660">
     <span class='ocr_line' id='line_1_2' title="bbox 179 406 1259 467; baseline -0.004 -14"><span class='ocrx_word' id='word_1_4' title='bbox 179 417 333 467; x_wconf 84' lang='lat' dir='ltr'>primum</span> <span class='ocrx_word' id='word_1_5' title='bbox 361 419 426 467; x_wconf 86' lang='lat' dir='ltr'>[ex</span> <span class='ocrx_word' id='word_1_6' title='bbox 449 415 661 464; x_wconf 88' lang='lat' dir='ltr'>nobilitate]</span> <span class='ocrx_word' id='word_1_7' title='bbox 685 415 818 465; x_wconf 86' lang='lat' dir='ltr'>reperti</span> <span class='ocrx_word' id='word_1_8' title='bbox 835 423 931 457; x_wconf 88' lang='lat' dir='ltr'>sunt,</span> <span class='ocrx_word' id='word_1_9' title='bbox 953 413 1014 463; x_wconf 89' lang='lat' dir='ltr'>qui</span> <span class='ocrx_word' id='word_1_10' title='bbox 1036 426 1152 450; x_wconf 83' lang='lat' dir='ltr'>veram</span> <span class='ocrx_word' id='word_1_11' title='bbox 1174 406 1259 464; x_wconf 70' lang='lat' dir='ltr'>glo·r</span> 
     </span>
     <span class='ocr_line' id='line_1_3' title="bbox 179 477 1259 533; baseline -0.005 -15"><span class='ocrx_word' id='word_1_12' title='bbox 179 482 267 518; x_wconf 86' lang='lat' dir='ltr'>riam</span> <span class='ocrx_word' id='word_1_13' title='bbox 287 482 438 533; x_wconf 78' lang='lat' dir='ltr'>injustae</span> <span class='ocrx_word' id='word_1_14' title='bbox 459 480 644 530; x_wconf 81' lang='lat' dir='ltr'>potentiae</span> <span class='ocrx_word' id='word_1_15' title='bbox 664 487 938 529; x_wconf 83' lang='lat' dir='ltr'>anteponerent,</span> <span class='ocrx_word' id='word_1_16' title='bbox 959 478 1094 514; x_wconf 86' lang='lat' dir='ltr'>moveri</span> <span class='ocrx_word' id='word_1_17' title='bbox 1115 477 1259 521; x_wconf 87' lang='lat' dir='ltr'>civitas,</span> 
     </span>
     <span class='ocr_line' id='line_1_4' title="bbox 177 542 1258 595; baseline -0.003 -13"><span class='ocrx_word' id='word_1_18' title='bbox 177 554 215 582; x_wconf 87' lang='lat' dir='ltr'>et</span> <span class='ocrx_word' id='word_1_19' title='bbox 252 546 447 595; x_wconf 76' lang='lat' dir='ltr'>permixtio</span> <span class='ocrx_word' id='word_1_20' title='bbox 485 544 613 589; x_wconf 87' lang='lat' dir='ltr'>civilis,</span> <span class='ocrx_word' id='word_1_21' title='bbox 658 544 760 594; x_wconf 87' lang='lat' dir='ltr'>quasi</span> <span class='ocrx_word' id='word_1_22' title='bbox 797 543 967 580; x_wconf 84' lang='lat' dir='ltr'>discessio</span> <span class='ocrx_word' id='word_1_23' title='bbox 1004 552 1134 586; x_wconf 84' lang='lat' dir='ltr'>terrae,</span> <span class='ocrx_word' id='word_1_24' title='bbox 1171 542 1258 579; x_wconf 86' lang='lat' dir='ltr'>oriri</span> 
     </span>
     <span class='ocr_line' id='line_1_5' title="bbox 179 610 315 660; baseline 0 -13"><span class='ocrx_word' id='word_1_25' title='bbox 179 610 315 660; x_wconf 89' lang='lat' dir='ltr'>coepit.</span> 
     </span>
    </p>
   </div>
   <div class='ocr_carea' id='block_1_3' title="bbox 176 732 1273 2198">
    <p class='ocr_par' dir='ltr' id='par_1_3' title="bbox 176 732 1273 2198">
     <span class='ocr_line' id='line_1_6' title="bbox 232 732 1257 788; baseline -0.003 -11"><span class='ocrx_word' id='word_1_26' title='bbox 232 732 522 782; x_wconf 40' lang='lat' dir='ltr'>XLII-“NAM,</span> <span class='ocrx_word' id='word_1_27' title='bbox 544 747 740 788; x_wconf 84' lang='lat' dir='ltr'>postquam</span> <span class='ocrx_word' id='word_1_28' title='bbox 761 736 933 774; x_wconf 86' lang='lat' dir='ltr'>Tiberius</span> <span class='ocrx_word' id='word_1_29' title='bbox 949 745 986 773; x_wconf 91' lang='lat' dir='ltr'>et</span> <span class='ocrx_word' id='word_1_30' title='bbox 1002 736 1048 774; x_wconf 88' lang='lat' dir='ltr'>C.</span> <span class='ocrx_word' id='word_1_31' title='bbox 1072 736 1257 787; x_wconf 85' lang='lat' dir='ltr'>Graccus,-</span> 
     </span>
     <span class='ocr_line' id='line_1_7' title="bbox 177 801 1258 854; baseline -0.004 -13"><span class='ocrx_word' id='word_1_32' title='bbox 177 818 334 854; x_wconf 91' lang='lat' dir='ltr'>quorum</span> <span class='ocrx_word' id='word_1_33' title='bbox 365 806 514 854; x_wconf 76' lang='lat' dir='ltr'>majores</span> <span class='ocrx_word' id='word_1_34' title='bbox 548 803 688 839; x_wconf 88' lang='lat' dir='ltr'>Punico</span> <span class='ocrx_word' id='word_1_35' title='bbox 722 810 831 851; x_wconf 83' lang='lat' dir='ltr'>atque</span> <span class='ocrx_word' id='word_1_36' title='bbox 861 801 937 837; x_wconf 81' lang='lat' dir='ltr'>aliis</span> <span class='ocrx_word' id='word_1_37' title='bbox 967 801 1070 838; x_wconf 87' lang='lat' dir='ltr'>bellis</span> <span class='ocrx_word' id='word_1_38' title='bbox 1100 801 1258 838; x_wconf 83' lang='lat' dir='ltr'>multum</span> 
     </span>
     <span class='ocr_line' id='line_1_8' title="bbox 177 865 1259 918; baseline -0.004 -12"><span class='ocrx_word' id='word_1_39' title='bbox 177 868 397 918; x_wconf 86' lang='lat' dir='ltr'>reipublicae</span> <span class='ocrx_word' id='word_1_40' title='bbox 425 868 652 910; x_wconf 70' lang='lat' dir='ltr'>addiderant,</span> <span class='ocrx_word' id='word_1_41' title='bbox 682 867 861 903; x_wconf 82' lang='lat' dir='ltr'>vindicare</span> <span class='ocrx_word' id='word_1_42' title='bbox 889 865 1032 916; x_wconf 83' lang='lat' dir='ltr'><strong>plebem</strong></span> <span class='ocrx_word' id='word_1_43' title='bbox 1052 867 1087 902; x_wconf 90' lang='lat' dir='ltr'>in</span> <span class='ocrx_word' id='word_1_44' title='bbox 1111 866 1259 903; x_wconf 90' lang='lat' dir='ltr'>liberta-</span> 
     </span>
     <span class='ocr_line' id='line_1_9' title="bbox 177 922 1261 982; baseline -0.005 -11"><span class='ocrx_word' id='word_1_45' title='bbox 177 943 266 977; x_wconf 88' lang='lat' dir='ltr'>tem,</span> <span class='ocrx_word' id='word_1_46' title='bbox 294 942 331 970; x_wconf 92' lang='lat' dir='ltr'>et</span> <span class='ocrx_word' id='word_1_47' title='bbox 352 946 552 982; x_wconf 84' lang='lat' dir='ltr'>paucorum</span> <span class='ocrx_word' id='word_1_48' title='bbox 573 931 705 968; x_wconf 85' lang='lat' dir='ltr'>scelera</span> <span class='ocrx_word' id='word_1_49' title='bbox 732 922 952 981; x_wconf 52' lang='lat' dir='ltr'>patefacere,</span> <span class='ocrx_word' id='word_1_50' title='bbox 981 944 1163 979; x_wconf 80' lang='lat' dir='ltr'>coepere3</span> <span class='ocrx_word' id='word_1_51' title='bbox 1193 944 1261 967; x_wconf 90' lang='lat' dir='ltr'>no-</span> 
     </span>
     <span class='ocr_line' id='line_1_10' title="bbox 176 995 1259 1046; baseline -0.002 -12"><span class='ocrx_word' id='word_1_52' title='bbox 176 997 297 1034; x_wconf 85' lang='lat' dir='ltr'>bilitas</span> <span class='ocrx_word' id='word_1_53' title='bbox 318 996 438 1040; x_wconf 79' lang='lat' dir='ltr'>noxia,</span> <span class='ocrx_word' id='word_1_54' title='bbox 459 1005 569 1046; x_wconf 77' lang='lat' dir='ltr'>atque</span> <span class='ocrx_word' id='word_1_55' title='bbox 589 1009 632 1032; x_wconf 92' lang='lat' dir='ltr'>eo</span> <span class='ocrx_word' id='word_1_56' title='bbox 662 995 841 1045; x_wconf 79' lang='lat' dir='ltr'>perculsa,</span> <span class='ocrx_word' id='word_1_57' title='bbox 862 995 971 1031; x_wconf 88' lang='lat' dir='ltr'>modo</span> <span class='ocrx_word' id='word_1_58' title='bbox 992 1009 1058 1044; x_wconf 87' lang='lat' dir='ltr'>per</span> <span class='ocrx_word' id='word_1_59' title='bbox 1078 995 1194 1032; x_wconf 86' lang='lat' dir='ltr'>socios</span> <span class='ocrx_word' id='word_1_60' title='bbox 1214 1008 1259 1032; x_wconf 86' lang='lat' dir='ltr'>ac</span> 
     </span>
     <span class='ocr_line' id='line_1_11' title="bbox 177 1059 1258 1109; baseline -0.002 -11"><span class='ocrx_word' id='word_1_61' title='bbox 177 1076 307 1098; x_wconf 84' lang='lat' dir='ltr'>nomen</span> <span class='ocrx_word' id='word_1_62' title='bbox 342 1061 533 1104; x_wconf 82' lang='lat' dir='ltr'>Latinum,</span> <span class='ocrx_word' id='word_1_63' title='bbox 566 1060 747 1096; x_wconf 88' lang='lat' dir='ltr'>interdum</span> <span class='ocrx_word' id='word_1_64' title='bbox 779 1074 845 1109; x_wconf 91' lang='lat' dir='ltr'>per</span> <span class='ocrx_word' id='word_1_65' title='bbox 878 1059 1019 1109; x_wconf 86' lang='lat' dir='ltr'>equites</span> <span class='ocrx_word' id='word_1_66' title='bbox 1056 1059 1258 1103; x_wconf 85' lang='lat' dir='ltr'>Romanos,</span> 
     </span>
     <span class='ocr_line' id='line_1_12' title="bbox 179 1123 1258 1176; baseline -0.004 -13"><span class='ocrx_word' id='word_1_67' title='bbox 179 1140 270 1176; x_wconf 87' lang='lat' dir='ltr'>quos</span> <span class='ocrx_word' id='word_1_68' title='bbox 291 1140 371 1175; x_wconf 88' lang='lat' dir='ltr'>spes</span> <span class='ocrx_word' id='word_1_69' title='bbox 392 1125 576 1162; x_wconf 77' lang='lat' dir='ltr'>societatis</span> <span class='ocrx_word' id='word_1_70' title='bbox 599 1138 619 1160; x_wconf 87' lang='lat' dir='ltr'>a</span> <span class='ocrx_word' id='word_1_71' title='bbox 647 1123 754 1174; x_wconf 87' lang='lat' dir='ltr'>plebe</span> <span class='ocrx_word' id='word_1_72' title='bbox 782 1124 995 1167; x_wconf 81' lang='lat' dir='ltr'>dimoverat,</span> <span class='ocrx_word' id='word_1_73' title='bbox 1027 1123 1258 1161; x_wconf 78' lang='lat' dir='ltr'>Graecorum</span> 
     </span>
     <span class='ocr_line' id='line_1_13' title="bbox 178 1187 1260 1238; baseline -0.006 -9"><span class='ocrx_word' id='word_1_74' title='bbox 178 1191 383 1229; x_wconf 82' lang='lat' dir='ltr'>actionibus</span> <span class='ocrx_word' id='word_1_75' title='bbox 413 1191 557 1227; x_wconf 78' lang='lat' dir='ltr'>obviam</span> <span class='ocrx_word' id='word_1_76' title='bbox 588 1190 706 1233; x_wconf 79' lang='lat' dir='ltr'>ierat3</span> <span class='ocrx_word' id='word_1_77' title='bbox 736 1197 773 1225; x_wconf 91' lang='lat' dir='ltr'>et</span> <span class='ocrx_word' id='word_1_78' title='bbox 802 1188 918 1238; x_wconf 86' lang='lat' dir='ltr'>primo</span> <span class='ocrx_word' id='word_1_79' title='bbox 939 1187 1147 1231; x_wconf 81' lang='lat' dir='ltr'>Tiberium,</span> <span class='ocrx_word' id='word_1_80' title='bbox 1176 1187 1260 1224; x_wconf 86' lang='lat' dir='ltr'>dein</span> 
     </span>
     <span class='ocr_line' id='line_1_14' title="bbox 178 1251 1266 1305; baseline -0.005 -13"><span class='ocrx_word' id='word_1_81' title='bbox 178 1269 315 1305; x_wconf 79' lang='lat' dir='ltr'>paucos</span> <span class='ocrx_word' id='word_1_82' title='bbox 345 1264 430 1304; x_wconf 90' lang='lat' dir='ltr'>post</span> <span class='ocrx_word' id='word_1_83' title='bbox 451 1268 562 1290; x_wconf 84' lang='lat' dir='ltr'>annos</span> <span class='ocrx_word' id='word_1_84' title='bbox 581 1253 704 1290; x_wconf 75' lang='lat' dir='ltr'>eadem</span> <span class='ocrx_word' id='word_1_85' title='bbox 733 1252 997 1303; x_wconf 79' lang='lat' dir='ltr'>ingredientem</span> <span class='ocrx_word' id='word_1_86' title='bbox 1027 1251 1171 1294; x_wconf 79' lang='lat' dir='ltr'>Caium,</span> <span class='ocrx_word' id='word_1_87' title='bbox 1199 1259 1266 1288; x_wconf 81' lang='lat' dir='ltr'>tn·—</span> 
     </span>
     <span class='ocr_line' id='line_1_15' title="bbox 179 1315 1262 1362; baseline -0.004 -6"><span class='ocrx_word' id='word_1_88' title='bbox 179 1321 320 1357; x_wconf 87' lang='lat' dir='ltr'>bunum</span> <span class='ocrx_word' id='word_1_89' title='bbox 340 1319 507 1362; x_wconf 78' lang='lat' dir='ltr'>alterum,</span> <span class='ocrx_word' id='word_1_90' title='bbox 536 1317 688 1354; x_wconf 81' lang='lat' dir='ltr'>alterum</span> <span class='ocrx_word' id='word_1_91' title='bbox 708 1317 937 1354; x_wconf 82' lang='lat' dir='ltr'>triumvirum</span> <span class='ocrx_word' id='word_1_92' title='bbox 966 1315 1117 1353; x_wconf 83' lang='lat' dir='ltr'>coloniis</span> <span class='ocrx_word' id='word_1_93' title='bbox 1145 1315 1262 1353; x_wconf 91' lang='lat' dir='ltr'>dedu-</span> 
     </span>
     <span class='ocr_line' id='line_1_16' title="bbox 178 1381 1263 1428; baseline -0.003 -7"><span class='ocrx_word' id='word_1_94' title='bbox 178 1384 314 1428; x_wconf 88' lang='lat' dir='ltr'>cendis,</span> <span class='ocrx_word' id='word_1_95' title='bbox 328 1398 411 1420; x_wconf 91' lang='lat' dir='ltr'>cum</span> <span class='ocrx_word' id='word_1_96' title='bbox 430 1383 487 1420; x_wconf 90' lang='lat' dir='ltr'>M.</span> <span class='ocrx_word' id='word_1_97' title='bbox 507 1382 636 1420; x_wconf 85' lang='lat' dir='ltr'>Fulvio</span> <span class='ocrx_word' id='word_1_98' title='bbox 654 1381 804 1425; x_wconf 79' lang='lat' dir='ltr'>Flacco,</span> <span class='ocrx_word' id='word_1_99' title='bbox 830 1381 926 1418; x_wconf 87' lang='lat' dir='ltr'>ferro</span> <span class='ocrx_word' id='word_1_100' title='bbox 939 1390 1165 1418; x_wconf 82' lang='lat' dir='ltr'>necaverant.</span> <span class='ocrx_word' id='word_1_101' title='bbox 1209 1381 1263 1418; x_wconf 90' lang='lat' dir='ltr'>Et</span> 
     </span>
     <span class='ocr_line' id='line_1_17' title="bbox 180 1446 1267 1496; baseline -0.004 -10"><span class='ocrx_word' id='word_1_102' title='bbox 180 1463 261 1486; x_wconf 78' lang='lat' dir='ltr'>sane</span> <span class='ocrx_word' id='word_1_103' title='bbox 284 1448 440 1486; x_wconf 79' lang='lat' dir='ltr'>Graccis</span> <span class='ocrx_word' id='word_1_104' title='bbox 459 1447 629 1496; x_wconf 86' lang='lat' dir='ltr'>cupidine</span> <span class='ocrx_word' id='word_1_105' title='bbox 649 1447 822 1483; x_wconf 79' lang='lat' dir='ltr'>victoriae</span> <span class='ocrx_word' id='word_1_106' title='bbox 842 1446 941 1482; x_wconf 88' lang='lat' dir='ltr'>haud</span> <span class='ocrx_word' id='word_1_107' title='bbox 957 1447 1041 1482; x_wconf 85' lang='lat' dir='ltr'>satis</span> <span class='ocrx_word' id='word_1_108' title='bbox 1057 1446 1267 1485; x_wconf 82' lang='lat' dir='ltr'>moderatus</span> 
     </span>
     <span class='ocr_line' id='line_1_18' title="bbox 179 1509 1264 1560; baseline -0.004 -10"><span class='ocrx_word' id='word_1_109' title='bbox 179 1514 316 1550; x_wconf 88' lang='lat' dir='ltr'>animus</span> <span class='ocrx_word' id='word_1_110' title='bbox 336 1512 420 1549; x_wconf 84' lang='lat' dir='ltr'>fuit.</span> <span class='ocrx_word' id='word_1_111' title='bbox 433 1519 468 1558; x_wconf 49' lang='grc' dir='ltr'>ἦ·</span> <span class='ocrx_word' id='word_1_112' title='bbox 481 1512 555 1548; x_wconf 83' lang='lat' dir='ltr'>Sed</span> <span class='ocrx_word' id='word_1_113' title='bbox 574 1512 672 1548; x_wconf 88' lang='lat' dir='ltr'>bono</span> <span class='ocrx_word' id='word_1_114' title='bbox 693 1511 786 1547; x_wconf 88' lang='lat' dir='ltr'>vinci</span> <span class='ocrx_word' id='word_1_115' title='bbox 807 1510 919 1547; x_wconf 83' lang='lat' dir='ltr'>satius</span> <span class='ocrx_word' id='word_1_116' title='bbox 938 1519 1007 1554; x_wconf 85' lang='lat' dir='ltr'>est,</span> <span class='ocrx_word' id='word_1_117' title='bbox 1039 1524 1149 1560; x_wconf 88' lang='lat' dir='ltr'>quam</span> <span class='ocrx_word' id='word_1_118' title='bbox 1167 1509 1264 1547; x_wconf 90' lang='lat' dir='ltr'>malo</span> 
     </span>
     <span class='ocr_line' id='line_1_19' title="bbox 180 1573 1267 1628; baseline -0.004 -14"><span class='ocrx_word' id='word_1_119' title='bbox 180 1592 278 1614; x_wconf 86' lang='lat' dir='ltr'>more</span> <span class='ocrx_word' id='word_1_120' title='bbox 298 1576 461 1628; x_wconf 77' lang='lat' dir='ltr'>injuriam</span> <span class='ocrx_word' id='word_1_121' title='bbox 477 1576 631 1612; x_wconf 87' lang='lat' dir='ltr'>vincere.</span> <span class='ocrx_word' id='word_1_122' title='bbox 682 1575 819 1626; x_wconf 87' lang='lat' dir='ltr'>Igitur,</span> <span class='ocrx_word' id='word_1_123' title='bbox 838 1588 880 1612; x_wconf 82' lang='lat' dir='ltr'>ea</span> <span class='ocrx_word' id='word_1_124' title='bbox 894 1574 1059 1618; x_wconf 83' lang='lat' dir='ltr'>victoria,</span> <span class='ocrx_word' id='word_1_125' title='bbox 1079 1573 1267 1619; x_wconf 88' lang='lat' dir='ltr'>nobilitas,-</span> 
     </span>
     <span class='ocr_line' id='line_1_20' title="bbox 180 1637 1266 1689; baseline -0.004 -9"><span class='ocrx_word' id='word_1_126' title='bbox 180 1658 224 1681; x_wconf 85' lang='lat' dir='ltr'>ex</span> <span class='ocrx_word' id='word_1_127' title='bbox 238 1642 398 1680; x_wconf 84' lang='lat' dir='ltr'>lubidine</span> <span class='ocrx_word' id='word_1_128' title='bbox 415 1655 476 1678; x_wconf 83' lang='lat' dir='ltr'>sua</span> <span class='ocrx_word' id='word_1_129' title='bbox 491 1654 567 1684; x_wconf 81' lang='lat' dir='ltr'>usa,</span> <span class='ocrx_word' id='word_1_130' title='bbox 581 1641 717 1676; x_wconf 87' lang='lat' dir='ltr'>multos</span> <span class='ocrx_word' id='word_1_131' title='bbox 732 1638 893 1676; x_wconf 85' lang='lat' dir='ltr'>mortalis</span> <span class='ocrx_word' id='word_1_132' title='bbox 908 1638 1004 1676; x_wconf 88' lang='lat' dir='ltr'>ferro</span> <span class='ocrx_word' id='word_1_133' title='bbox 1017 1647 1081 1676; x_wconf 88' lang='lat' dir='ltr'>aut</span> <span class='ocrx_word' id='word_1_134' title='bbox 1096 1637 1187 1689; x_wconf 83' lang='lat' dir='ltr'>fuga</span> <span class='ocrx_word' id='word_1_135' title='bbox 1200 1652 1266 1676; x_wconf 84' lang='lat' dir='ltr'>ex-</span> 
     </span>
     <span class='ocr_line' id='line_1_21' title="bbox 182 1703 1268 1756; baseline -0.006 -12"><span class='ocrx_word' id='word_1_136' title='bbox 182 1707 331 1752; x_wconf 78' lang='lat' dir='ltr'>stinxit3</span> <span class='ocrx_word' id='word_1_137' title='bbox 353 1705 508 1756; x_wconf 82' lang='lat' dir='ltr'>plusque</span> <span class='ocrx_word' id='word_1_138' title='bbox 523 1705 558 1741; x_wconf 91' lang='lat' dir='ltr'>in</span> <span class='ocrx_word' id='word_1_139' title='bbox 574 1704 752 1754; x_wconf 90' lang='lat' dir='ltr'>reliquum</span> <span class='ocrx_word' id='word_1_140' title='bbox 769 1704 836 1741; x_wconf 88' lang='lat' dir='ltr'>sibi</span> <span class='ocrx_word' id='word_1_141' title='bbox 851 1703 1120 1752; x_wconf 82' lang='lat' dir='ltr'>timoris‚quam</span> <span class='ocrx_word' id='word_1_142' title='bbox 1137 1710 1268 1752; x_wconf 74' lang='lat' dir='ltr'>poten-¹</span> 
     </span>
     <span class='ocr_line' id='line_1_22' title="bbox 181 1766 1269 1820; baseline -0.006 -11"><span class='ocrx_word' id='word_1_143' title='bbox 181 1772 265 1815; x_wconf 77' lang='lat' dir='ltr'>tiae,</span> <span class='ocrx_word' id='word_1_144' title='bbox 273 1771 426 1808; x_wconf 82' lang='lat' dir='ltr'>addidit.</span> <span class='ocrx_word' id='word_1_145' title='bbox 450 1771 556 1820; x_wconf 80' lang='lat' dir='ltr'>Quae</span> <span class='ocrx_word' id='word_1_146' title='bbox 568 1783 622 1806; x_wconf 82' lang='lat' dir='ltr'>res</span> <span class='ocrx_word' id='word_1_147' title='bbox 633 1768 847 1819; x_wconf 89' lang='lat' dir='ltr'>plerumque</span> <span class='ocrx_word' id='word_1_148' title='bbox 857 1781 1006 1819; x_wconf 81' lang='lat' dir='ltr'>magnas</span> <span class='ocrx_word' id='word_1_149' title='bbox 1017 1766 1174 1804; x_wconf 87' lang='lat' dir='ltr'>civitatis</span> <span class='ocrx_word' id='word_1_150' title='bbox 1184 1780 1269 1816; x_wconf 78' lang='lat' dir='ltr'>pes-</span> 
     </span>
     <span class='ocr_line' id='line_1_23' title="bbox 183 1831 1262 1882; baseline -0.006 -9"><span class='ocrx_word' id='word_1_151' title='bbox 183 1850 261 1873; x_wconf 82' lang='lat' dir='ltr'>sum</span> <span class='ocrx_word' id='word_1_152' title='bbox 281 1835 381 1872; x_wconf 84' lang='lat' dir='ltr'>dedit</span> <span class='ocrx_word' id='word_1_153' title='bbox 401 1850 410 1880; x_wconf 93' lang='lat'>;</span> <span class='ocrx_word' id='word_1_154' title='bbox 441 1834 527 1871; x_wconf 87' lang='lat' dir='ltr'>dum</span> <span class='ocrx_word' id='word_1_155' title='bbox 547 1833 649 1870; x_wconf 89' lang='lat' dir='ltr'>alteri</span> <span class='ocrx_word' id='word_1_156' title='bbox 669 1832 802 1870; x_wconf 83' lang='lat' dir='ltr'>alteros</span> <span class='ocrx_word' id='word_1_157' title='bbox 821 1832 960 1870; x_wconf 86' lang='lat' dir='ltr'>vincere</span> <span class='ocrx_word' id='word_1_158' title='bbox 981 1831 1108 1882; x_wconf 90' lang='lat' dir='ltr'>quovis</span> <span class='ocrx_word' id='word_1_159' title='bbox 1137 1832 1262 1875; x_wconf 91' lang='lat' dir='ltr'>modo,</span> 
     </span>
     <span class='ocr_line' id='line_1_24' title="bbox 184 1894 1273 1941; baseline -0.005 -4"><span class='ocrx_word' id='word_1_160' title='bbox 184 1909 221 1937; x_wconf 89' lang='lat' dir='ltr'>et</span> <span class='ocrx_word' id='word_1_161' title='bbox 250 1900 365 1937; x_wconf 86' lang='lat' dir='ltr'>victos</span> <span class='ocrx_word' id='word_1_162' title='bbox 394 1898 556 1936; x_wconf 86' lang='lat' dir='ltr'>acerbius</span> <span class='ocrx_word' id='word_1_163' title='bbox 585 1897 724 1941; x_wconf 85' lang='lat' dir='ltr'>ulcisci,</span> <span class='ocrx_word' id='word_1_164' title='bbox 753 1896 893 1934; x_wconf 88' lang='lat' dir='ltr'>volunt.</span> <span class='ocrx_word' id='word_1_165' title='bbox 954 1896 1041 1940; x_wconf 90' lang='lat' dir='ltr'>Sed,</span> <span class='ocrx_word' id='word_1_166' title='bbox 1071 1895 1115 1933; x_wconf 88' lang='lat' dir='ltr'>de</span> <span class='ocrx_word' id='word_1_167' title='bbox 1137 1894 1273 1932; x_wconf 86' lang='lat' dir='ltr'>studiis</span> 
     </span>
     <span class='ocr_line' id='line_1_25' title="bbox 184 1960 1268 2014; baseline -0.005 -13"><span class='ocrx_word' id='word_1_168' title='bbox 184 1964 342 2014; x_wconf 83' lang='lat' dir='ltr'>partium</span> <span class='ocrx_word' id='word_1_169' title='bbox 370 1972 408 2000; x_wconf 89' lang='lat' dir='ltr'>et</span> <span class='ocrx_word' id='word_1_170' title='bbox 436 1962 605 1999; x_wconf 88' lang='lat' dir='ltr'>omnibus</span> <span class='ocrx_word' id='word_1_171' title='bbox 633 1962 790 1999; x_wconf 85' lang='lat' dir='ltr'>civitatis</span> <span class='ocrx_word' id='word_1_172' title='bbox 810 1961 971 1999; x_wconf 88' lang='lat' dir='ltr'>moribus</span> <span class='ocrx_word' id='word_1_173' title='bbox 992 1962 1020 1998; x_wconf 88' lang='lat' dir='ltr'>si</span> <span class='ocrx_word' id='word_1_174' title='bbox 1041 1960 1268 2012; x_wconf 85' lang='lat' dir='ltr'>singulatim,</span> 
     </span>
     <span class='ocr_line' id='line_1_26' title="bbox 184 2026 1265 2079; baseline -0.005 -13"><span class='ocrx_word' id='word_1_175' title='bbox 184 2039 247 2067; x_wconf 82' lang='lat' dir='ltr'>aut</span> <span class='ocrx_word' id='word_1_176' title='bbox 267 2043 334 2079; x_wconf 88' lang='lat' dir='ltr'>pro</span> <span class='ocrx_word' id='word_1_177' title='bbox 349 2027 616 2079; x_wconf 80' lang='lat' dir='ltr'>magnitudine,</span> <span class='ocrx_word' id='word_1_178' title='bbox 635 2040 759 2076; x_wconf 85' lang='lat' dir='ltr'>parem</span> <span class='ocrx_word' id='word_1_179' title='bbox 774 2026 958 2071; x_wconf 86' lang='lat' dir='ltr'>disserere,</span> <span class='ocrx_word' id='word_1_180' title='bbox 973 2036 1133 2076; x_wconf 89' lang='lat' dir='ltr'>tempus,</span> <span class='ocrx_word' id='word_1_181' title='bbox 1153 2038 1265 2075; x_wconf 86' lang='lat' dir='ltr'>quam·</span> 
     </span>
     <span class='ocr_line' id='line_1_27' title="bbox 184 2090 1270 2142; baseline -0.005 -12"><span class='ocrx_word' id='word_1_182' title='bbox 184 2108 253 2137; x_wconf 86' lang='lat' dir='ltr'>res,</span> <span class='ocrx_word' id='word_1_183' title='bbox 282 2093 456 2130; x_wconf 75' lang='lat' dir='ltr'>maturius</span> <span class='ocrx_word' id='word_1_184' title='bbox 484 2092 638 2129; x_wconf 84' lang='lat' dir='ltr'>deserat.</span> <span class='ocrx_word' id='word_1_185' title='bbox 715 2090 966 2142; x_wconf 73' lang='lat' dir='ltr'>Quamobrem</span> <span class='ocrx_word' id='word_1_186' title='bbox 998 2090 1045 2128; x_wconf 87' lang='lat' dir='ltr'>ad</span> <span class='ocrx_word' id='word_1_187' title='bbox 1076 2090 1270 2139; x_wconf 83' lang='lat' dir='ltr'>inceptum</span> 
     </span>
     <span class='ocr_line' id='line_1_28' title="bbox 184 2159 309 2198; baseline 0.016 -2"><span class='ocrx_word' id='word_1_188' title='bbox 184 2159 309 2198; x_wconf 67' lang='lat' dir='ltr'>redeo.-</span> 
     </span>
    </p>
   </div>
  </div>
 </body>
</html>
