1451 2719
328 311 641 349 SALLUSTII
670 313 1010 351 JUGURTHA.
1127 315 1195 351 151

133 422 255 474 gentia
274 436 399 472 aquae,
420 422 548 460 infesta
569 425 819 473 serpentibus;
841 437 990 475 quarum
1010 423 1074 466 vis,
1095 423 1200 460 sicuti

131 486 288 523 omnium
316 486 483 530 ferarum,
512 488 632 537 inopia
651 489 721 525 cibi
741 490 855 526 acrior
874 504 883 527 :
915 490 961 526 ad
987 489 1056 525 hoc
1077 498 1202 525 natura

133 550 366 600 serpentium,
387 550 462 600 ipsa
481 552 693 600 perniciosa,
716 553 773 590 siti
793 553 918 604 magis,
939 565 1045 603 quam
1064 551 1129 588 alia
1151 566 1200 595 re,

133 615 353 651 accenditur.
419 615 509 666 Ejus
529 616 695 664 potiundi
715 617 872 654 Marium
887 629 1053 652 maxuma
1067 616 1201 665 cupido

131 679 318 723 invaserat,
348 692 431 715 cum
455 690 606 729 propter
626 694 728 717 usum
748 680 845 723 belli,
877 689 953 716 turn
974 680 1057 729 quia
1077 694 1130 716 res
1150 693 1204 716 as-

132 756 217 792 pera
236 743 451 786 videbatur;
481 753 517 779 et
538 743 710 780 Metellus
728 744 905 793 oppidum
926 743 1081 780 Thalam
1102 757 1203 794 mag-

136 819 180 842 na
202 805 318 856 gloria
337 816 494 855 ceperat,
524 807 620 843 haud
647 807 863 844 dissimiliter
882 807 989 844 situm
1009 807 1204 844 munitum-

139 883 233 920 que:
255 870 318 906 nisi
334 871 433 919 quod
451 871 547 919 apud
567 871 723 908 Thalam
742 872 839 908 haud
859 871 967 922 longe
983 886 1002 908 a
1017 872 1203 909 moenibus

133 933 271 983 aliquot
291 933 410 970 fontes
429 944 542 977 eraut,
572 934 769 984 Capsenses
789 949 858 971 una
879 936 1004 979 modo,
1034 946 1144 984 atque
1163 949 1204 972 ea

135 997 227 1034 intra
255 997 444 1047 oppidum,
469 999 548 1048 jugi
577 1012 684 1047 aqua,
713 1009 831 1036 cetera
855 999 975 1049 pluvia
995 1000 1202 1043 utebantur.

138 1061 183 1097 Id
204 1061 338 1111 ibique,
367 1070 403 1098 et
424 1061 457 1097 in
477 1062 574 1097 omni
598 1061 744 1105 Africa,
774 1063 835 1113 qui
858 1062 985 1112 procul
1005 1076 1024 1098 a
1049 1063 1135 1098 mari
1155 1063 1207 1099 in-

135 1124 268 1161 cultius
281 1125 452 1175 agebant,
465 1138 507 1160 eo
525 1124 662 1162 facilius
677 1125 913 1170 tolerabatur,
930 1127 1012 1176 quia
1026 1127 1206 1163 Numidae

136 1187 347 1238 plerumque
377 1187 469 1224 lacte
489 1197 526 1224 et
546 1188 656 1224 ferina
688 1203 791 1227 carne
812 1191 1063 1233 vescebantur,
1092 1204 1206 1241 neque

134 1251 257 1296 salem,
285 1265 401 1303 neque
420 1252 486 1288 alia
505 1253 724 1290 irritamenta
743 1254 862 1304 gulae,
884 1256 1126 1306 quaerebant:
1157 1256 1209 1292 ci-

135 1317 203 1354 bus
223 1316 290 1354 illis
309 1317 499 1353 advorsum
518 1316 650 1353 famem
678 1327 788 1368 atque
812 1318 921 1363 sitim,
953 1333 1024 1355 non
1043 1318 1211 1363 lubidini,

140 1396 254 1433 neque
275 1381 448 1426 luxuriae,
469 1391 557 1418 erat.

192 1510 278 1549 XC.
337 1510 498 1548 Ion-ua
520 1509 660 1554 consul,
680 1510 846 1548 omnibus
859 1505 1070 1561 exploratis,
1085 1512 1207 1555 eredo·¹

139 1577 196 1613 dis
216 1574 330 1612 fretus
345 1590 356 1620 ;
376 1589 457 1611 narn
477 1583 604 1611 contra
614 1583 733 1611 tantas
745 1574 978 1612 difficultates
993 1575 1140 1612 consilio
1155 1590 1209 1612 sa-

139 1640 185 1676 tis
218 1639 406 1689 providere
435 1652 504 1675 non
535 1648 693 1688 poterat,
733 1639 868 1688 quippe
898 1639 1007 1675 etiam
1039 1639 1208 1677 frumenti

138 1704 259 1754 inopia
291 1703 514 1746 tentabatur,
556 1702 655 1752 quod
690 1702 869 1739 Numidae
902 1702 1036 1752 pabulo
1069 1704 1209 1753 pecoris

139 1767 267 1818 magis,
296 1780 402 1816 quarn
423 1780 520 1810 arvo,
548 1766 709 1809 student,
738 1774 790 1809 et,
810 1766 1066 1816 quodcumque
1086 1777 1209 1804 natum

140 1830 272 1877 fuerat,
294 1833 397 1883 jussu
416 1830 510 1882 regis
529 1830 564 1866 in
583 1829 664 1866 loca
696 1830 835 1866 munita
854 1830 1096 1875 contulerant,
1124 1845 1211 1882 ager

140 1903 260 1932 autem
280 1895 398 1931 aridus
417 1903 454 1931 et
487 1893 636 1944 frugum
654 1906 785 1930 vacuus
812 1907 854 1930 ea
871 1903 1100 1944 tempestate,
1129 1909 1210 1932 nam

140 1959 285 1996 aestatis
303 1970 504 1996 extremum
535 1967 637 2002 erat3
665 1966 784 1994 tamen
814 1972 882 2007 pro
912 1958 961 1995 rei
989 1959 1096 2009 copia
1125 1960 1209 1996 satis

141 2024 371 2073 providenter
398 2031 576 2060 exornat:
608 2035 719 2071 pecus
737 2035 857 2065 omne,
884 2023 985 2072 quod
1017 2023 1210 2072 superiori·

122 2089 210 2143 'bus
230 2087 356 2125 diebus
375 2087 527 2137 praedae
546 2085 680 2129 fuerat,
698 2085 882 2135 equitibus
894 2086 1082 2124 auxiliariis
1101 2101 1210 2139 agen-

142 2151 229 2188 dum
245 2151 421 2188 adtribuit
438 2166 446 2188 ε
479 2151 535 2187 A.
555 2148 735 2187 Manlium
765 2148 928 2200 legatum
946 2163 1029 2188 cum
1048 2150 1210 2188 cohorti-
