1451 2719
317 323 630 364 SALLUSTII
660 326 999 366 JUGURTHA.
1116 329 1190 366 139

114 447 176 474 nae
206 435 418 474 solitudines
446 451 529 476 cum
558 440 682 489 paucis
715 439 916 490 profectus,
949 438 1110 488 pervenit
1143 440 1188 475 ad

113 498 309 545 Gaetulos,
329 515 444 553 genus
464 503 648 540 hominum
669 503 784 541 ferum
804 502 1068 553 incultumque,
1087 512 1123 539 et
1144 517 1188 539 eo

112 572 278 615 tempore
306 566 471 618 ignarum
498 569 647 606 nominis
678 568 846 606 Romani.
906 567 1044 605 Eorum
1065 567 1188 604 multi-

111 630 275 668 tudinem
304 632 339 668 in
369 645 478 668 unum
507 633 637 684 cogit:
677 646 717 669 ac
746 630 934 682 paullatim
962 631 1185 668 consuefacit

109 694 253 732 ordines
291 695 436 740 habere,
475 697 577 748 signa
610 697 723 747 sequi,
757 695 946 746 imperium
983 696 1186 740 observare,

108 758 196 796 item
225 759 293 796 alia
320 760 484 797 militaria
513 761 643 799 facere.
703 761 891 798 Praeterea
919 761 1014 812 regis
1046 761 1186 798 Bocchi

111 837 310 873 proxumos
330 825 470 876 magnis
486 825 704 868 muneribus,
723 834 760 862 et
777 825 969 876 majoribus
989 824 1187 874 promissis,

109 887 156 924 ad
176 888 336 925 studium
358 890 411 926 sui
432 889 625 939 perducit3
647 891 728 939 quis
744 888 970 940 adjutoribus
985 902 1109 940 regem
1124 889 1187 925 ad-

109 965 266 1002 gressus,
286 953 453 1003 impellit,
474 953 526 990 uti
543 953 733 990 advorsum
757 953 941 989 Romanos
954 952 1090 989 bellum
1111 967 1187 989 sus-

108 1015 234 1065 cipiat.
295 1017 341 1054 Id
360 1031 401 1054 ea
420 1018 539 1068 gratia
559 1017 697 1054 facilius
726 1018 947 1067 proniusque
974 1017 1058 1061 fuit,
1087 1020 1186 1069 quod

110 1079 283 1117 Bocchus
302 1080 406 1118 initio
422 1081 571 1132 hujusce
591 1081 675 1118 belli
691 1081 832 1132 legatos
856 1082 1011 1118 Romam
1028 1082 1186 1127 miserat,

109 1142 239 1181 foedus
266 1154 303 1181 et
332 1145 525 1182 amicitiam
554 1146 736 1195 petitum;
766 1159 873 1196 quam
893 1159 981 1188 rem,
1008 1156 1188 1196 opportu-

109 1209 303 1247 nissumam
331 1210 480 1260 incepto
510 1209 619 1254 bello,
648 1209 755 1260 pauci
784 1209 1059 1259 impediverant,
1087 1210 1187 1247 caeci

106 1272 266 1317 avaritia,
286 1275 369 1323 quis
387 1273 505 1310 omnia
524 1273 676 1311 honesta
696 1282 806 1324 atque
825 1273 1013 1310 inhonesta
1033 1275 1186 1311 vendere

108 1350 187 1374 mos
205 1345 295 1375 erat.
346 1337 472 1375 Etiam
491 1346 595 1374 antea
614 1339 636 1375 J
641 1338 820 1389 ugurthae
840 1336 912 1374 filia
935 1337 1075 1374 Bocchi
1096 1352 1189 1388 nup-

111 1410 219 1439 serat.
277 1401 416 1438 Verum
435 1415 476 1438 ea
495 1401 724 1438 necessitudo
744 1401 841 1450 apud
871 1401 1048 1439 Numidas
1078 1402 1189 1439 Mau-

108 1478 241 1515 rosque
261 1464 348 1501 levis
368 1465 516 1502 ducitur
533 1480 542 1502 t
574 1466 671 1516 quod
689 1465 835 1515 singuli,
855 1479 922 1514 pro
938 1465 1069 1514 opibus
1091 1467 1189 1517 quis-

110 1542 194 1579 que,
225 1541 332 1580 quam
360 1528 533 1578 plurimas
561 1542 706 1572 uxores,
737 1528 845 1565 denas
874 1528 944 1571 alii,
974 1528 1031 1565 alii
1051 1529 1187 1579 plures,

108 1593 245 1630 habent
262 1608 271 1630 :
303 1593 365 1630 sed
385 1607 488 1644 reges
507 1607 550 1630 eo
571 1592 738 1643 amplius.
796 1593 856 1629 Ita
870 1593 1007 1630 animus
1022 1593 1189 1630 multitu-

109 1657 192 1695 dine
220 1657 458 1703 'distrahitur3
490 1656 586 1694 nulla
617 1671 684 1707 pro
713 1656 810 1693 socia
837 1657 1006 1694 obtinet:
1051 1658 1188 1707 pariter

108 1734 233 1759 omnes
252 1721 337 1759 viles
357 1730 453 1759 sunt.

163 1848 366 1887 LXXXI.
410 1849 572 1888 Ievruk
602 1849 637 1886 in
666 1849 789 1886 locum
808 1850 985 1886 ambobus
1010 1849 1188 1899 placitum

109 1914 290 1953 exercitus
309 1916 529 1954 conveniunt
547 1931 556 1953 :
586 1915 651 1959 ibi,
679 1915 750 1953 fide
769 1916 854 1952 data
872 1924 910 1952 et
929 1923 1094 1965 accepta,
1122 1915 1145 1953 J
1150 1929 1188 1951 u-

110 1979 247 2031 gurtha
268 1979 410 2018 Bocchi
424 1980 580 2016 animum
600 1979 763 2016 oratione
783 1979 974 2017 accendit:
1001 1979 1188 2016 Romanos

109 2043 278 2095 injustos,
297 2043 478 2094 profunda
497 2044 656 2088 avaritia,
676 2044 875 2081 communis
894 2043 1054 2080 omnium
1074 2043 1191 2081 hostis

109 2095 214 2146 esse:
244 2109 405 2147 eamdem
433 2108 512 2146 illos
541 2122 704 2146 caussam
732 2108 923 2146 bellicum
954 2109 1107 2146 Boccho
1127 2109 1194 2146 ha·

113 2171 211 2218 bere,
241 2166 348 2224 quam
369 2186 492 2212 secum
510 2182 547 2210 et
567 2187 651 2210 cum
677 2173 752 2211 aliis
779 2173 965 2225 gentibus,
995 2173 1193 2219 lubidinem

616 2238 640 2275 S
671 2239 696 2276 2
