1451 2719
532 238 844 285 INDEX.
1150 245 1225 289 241

140 416 457 461 Gan-utonis«
478 432 596 458 mores
622 420 685 466 79,
706 423 773 459 80.
800 432 862 458 eos
890 418 1078 470 Jugurtha
1107 419 1218 458 docet

192 483 362 523 militaria
381 483 500 522 facere
525 488 611 525 139.

141 547 245 589 Galli
263 548 381 601 gloria
399 549 485 588 belli
504 559 587 587 ante
609 549 794 588 Romanos
811 552 874 588 50.
895 550 1064 587 adversus
1086 549 1217 588 Gallos

195 627 218 651 a
231 615 283 664 Q.
301 614 486 665 Caepione
501 624 539 652 et
559 614 618 652 M.
635 613 777 652 Manlio
794 613 884 650 male
905 623 1111 664 pugnatum
1131 616 1217 654 174.

145 678 296 724 Gauda,
327 678 591 718 Mastanabalis
623 678 730 722 filius,
762 677 974 716 Masinissae
1005 692 1132 728 nepos,
1160 678 1219 715 cui

193 743 337 795 petenti
350 744 470 796 regios
486 744 640 781 honores
657 742 830 781 Metellus
844 751 1050 794 negaverat,
1063 757 1084 780 a
1097 742 1218 781 Mario

192 808 240 845 ad
267 807 443 846 ultionem
463 807 507 845 de
527 807 744 858 imperatore
768 807 978 845 sumendam
998 807 1215 845 sollicitatur

197 873 286 910 126.

143 933 395 974 Gladiatoriae
419 934 572 972 familiae
592 936 627 972 in
649 935 843 984 municipia
863 936 1133 973 distribuuntur
1152 937 1216 974 24.

142 998 189 1037 C.
221 999 415 1038 Gracchus
442 1008 480 1036 et
508 998 565 1036 M.
590 998 738 1036 Fulvius
758 998 940 1036 interfecti
964 1002 1025 1038 78.
1049 999 1158 1037 Caius
1178 1009 1215 1037 et

195 1062 383 1107 Tiberius,
403 1062 562 1112 plebeiae
582 1062 758 1099 libertatis
779 1062 950 1107 vindices,
969 1063 1081 1100 occisi
1101 1066 1187 1101 104.

142 1127 279 1166 Graeci
300 1127 468 1164 facundia
488 1135 571 1164 ante
596 1126 781 1163 Romanos
803 1129 865 1164 50.

142 1190 319 1235 Gulussa,
339 1189 552 1228 Masinissae
572 1189 680 1234 filius,
700 1190 828 1227 morbo
847 1190 1050 1227 absumitur
1070 1194 1133 1230 65.

660 1307 704 1345 H

147 1383 385 1422 Hamumu.
409 1383 536 1421 Italiae
553 1396 642 1432 opes
660 1382 815 1420 maxime
835 1383 974 1421 attrivit
993 1386 1058 1428 64,
1079 1386 1130 1422 65

150 1447 336 1486 Hercules
356 1447 390 1484 in
412 1446 594 1496 Hispania
614 1447 750 1483 interiit
771 1448 834 1486 79.

146 1511 356 1562 Hiempsal,
377 1511 556 1562 Micipsae
578 1510 671 1548 filius
692 1514 755 1549 65.
777 1511 931 1560 despicit
951 1510 1220 1562 ignobilitatem

197 1576 419 1628 Jugurthae,
447 1584 485 1612 et
504 1574 710 1626 Jugurthae
730 1575 881 1612 hortatu
901 1589 920 1613 a
950 1575 1112 1614 Numida
1130 1589 1222 1627 quo-

198 1641 282 1678 dam
301 1640 484 1677 occiditur
502 1641 672 1679 69—71.

670 1758 691 1795 I

149 1836 372 1874 Iwreaanx
394 1833 546 1883 Appius
567 1831 742 1871 Claudius
760 1834 847 1870 188.

151 1903 351 1955 Jugurtha‚
376 1899 635 1938 Mastanabalis
654 1898 761 1942 filius,
781 1913 826 1936 ex
847 1898 1049 1937 concubina
1069 1908 1185 1945 ortus,
1203 1914 1225 1937 a

204 1967 366 2017 Micipsa
386 1979 468 2002 cum
488 1965 599 2014 ipsius
619 1963 738 2000 liberis
756 1964 960 2009 educatum
990 1964 1071 2001 dein
1086 1965 1132 2001 ad
1150 1964 1245 2002 bel-'

203 2030 281 2068 lum
303 2031 569 2069 Numantinum
588 2027 748 2064 mittitur
767 2030 831 2072 65,
847 2031 911 2066 66.
935 2031 1004 2066 &c.
1026 2029 1088 2065 ubi
1108 2043 1128 2066 a
1149 2029 1229 2066 Sci-

209 2097 318 2147 pione
348 2095 540 2147 magnifice
571 2094 728 2131 donatus
756 2102 795 2130 et
823 2092 991 2132 laudatus
1019 2103 1088 2140 est,
1115 2102 1153 2131 et
1180 2093 1229 2130 ad

642 2154 742 2194 Hh
