1497 2689
230 287 304 322 144
423 282 738 322 SALLUSTII
766 281 1109 323 JUGURTHA,

223 395 375 432 bilitatis
405 396 451 432 ad
481 395 566 439 hoc,
596 404 659 432 aut
690 395 787 432 aliud
811 396 883 433 tale
902 396 1105 447 negotium,
1132 394 1303 441 mittatis,

225 460 407 496 hominem
428 461 557 497 veteris
588 460 776 510 prosapiae
805 474 847 497 ac
876 460 1070 497 multarum
1089 460 1303 512 imaginum,

224 534 261 561 et
290 524 419 560 nullius
449 524 644 574 stipendii:
676 523 814 562 scilicet
834 525 928 561 utin
949 534 1050 561 tanta
1077 539 1128 569 re,
1156 525 1304 577 ignarus

224 588 398 632 omnium,
419 589 592 638 trepidet,
614 588 774 633 festinet,
795 598 913 625 sumat
929 588 1084 639 aliquem
1098 603 1143 626 ex
1163 589 1305 639 populo

224 653 439 689 monitorem
459 653 581 690 officii.
640 653 700 690 Ita
719 652 932 703 plerumque
951 654 1082 697 evenit,
1110 663 1166 698 ut,
1195 668 1304 704 quem

223 732 287 754 vos
307 718 480 767 imperare
495 718 663 769 jussistis,
687 718 716 754 is
735 718 989 767 imperatorem
1011 717 1120 754 alium
1139 727 1303 768 quaerat.

224 783 289 819 Ac
310 797 380 833 ego
401 783 487 826 scio,
511 782 689 832 Quirites,
710 783 786 832 qui,
811 791 1007 832 postquam
1026 783 1192 820 consules
1211 782 1304 821 facti

225 856 320 890 sunt,
338 855 419 883 acta
436 850 610 897 majorum
626 855 663 883 et
681 846 912 885 Graecorum
928 846 1095 883 militaria
1108 855 1307 898 praecepta

224 910 344 962 legere
357 911 542 961 coeperint
560 927 569 956 ;
590 911 754 947 homines
773 911 1009 960 praeposteri.
1052 911 1149 949 Nam
1165 926 1306 963 gerere,

226 990 331 1026 quam
349 975 437 1019 fieri,
458 985 622 1024 ternpore
643 977 838 1025 posterius,
858 989 895 1012 re
910 985 1020 1027 atque
1036 990 1101 1013 usu
1119 976 1219 1026 prius
1234 985 1304 1014 est.

225 1042 446 1090 Comparate
477 1054 587 1084 nunc,
627 1041 804 1090 Quirites,
842 1055 925 1077 curn
958 1039 1101 1077 illorum
1137 1041 1306 1091 superbia

223 1119 280 1142 me
300 1106 481 1142 hominem
509 1118 655 1141 novum.
713 1106 820 1155 Quae
839 1102 890 1141 iIli
910 1105 1031 1141 audire
1051 1114 1088 1142 et
1107 1104 1229 1157 legere
1248 1120 1306 1142 so-

223 1170 312 1213 lent,
332 1184 456 1206 eorum
476 1170 608 1219 partim
628 1169 714 1212 vidi,
733 1168 800 1205 alia
819 1179 966 1220 egomet
988 1169 1107 1220 gessi:
1143 1184 1235 1220 quae
1254 1169 1306 1207 illi

223 1235 366 1279 litteris,
386 1250 457 1286 ego
473 1234 661 1271 militando
681 1234 804 1270 didici.
862 1235 972 1271 Nunc
989 1248 1052 1270 vos
1071 1235 1304 1279 existumate,

223 1300 321 1337 facta
349 1314 392 1336 an
422 1300 521 1336 dicta
549 1299 662 1349 pluris
692 1298 775 1336 sint.
833 1299 1085 1336 Contemnunt
1105 1300 1304 1337 novitatem

224 1379 338 1401 meam
355 1381 364 1408 3
404 1379 475 1414 ego
507 1363 649 1399 illorum
680 1363 858 1414 ignaviam
875 1378 883 1400 ε
926 1363 1011 1399 mihi
1045 1363 1206 1408 fortuna,
1234 1364 1305 1401 illis

224 1430 359 1479 probra
386 1430 617 1480 objectantur
635 1444 644 1472 ;
675 1441 894 1477 quamquain
913 1442 985 1478 ego
1011 1436 1175 1464 naturam
1195 1441 1304 1465 unam

224 1504 262 1532 et
292 1507 520 1531 communem
549 1492 710 1528 omnium
739 1491 934 1535 existumo,
965 1491 1026 1528 sed
1052 1490 1304 1530 fortissumum

225 1572 406 1608 quemque
436 1557 775 1609 generosissumum.
838 1556 917 1600 Ac,
938 1557 966 1593 si
982 1559 1054 1608 jam
1073 1570 1117 1594 ex
1138 1557 1303 1607 patribus

223 1623 371 1667 Albini,
391 1631 453 1659 aut
470 1621 628 1665 Bestiae,
649 1621 773 1670 quaeri
792 1629 930 1670 posset,
949 1634 1065 1665 mene,
1081 1635 1125 1658 an
1145 1620 1238 1666 illos,
1257 1636 1304 1660 ex

224 1701 260 1724 se
276 1687 378 1738 gigni
392 1686 596 1729 maluerint,
609 1685 697 1734 quid
709 1698 943 1735 responsuros
955 1685 1116 1729 creditis,
1131 1685 1212 1730 nisi,
1228 1699 1305 1723 sese

223 1750 354 1788 liberos
374 1765 482 1801 quam
515 1759 688 1799 optumos
716 1748 868 1786 voluisse
887 1750 899 1787 ?
932 1750 1046 1799 Quod
1079 1749 1107 1786 si
1133 1751 1214 1801 jure
1246 1763 1304 1788 me

223 1816 443 1865 despicium,
473 1814 608 1851 faciant
627 1814 722 1850 idem
742 1813 937 1865 majoribus
965 1814 1051 1857 suis,
1080 1814 1228 1864 quibus,
1247 1814 1304 1852 uti

224 1880 324 1924 mihi,
352 1894 397 1916 ex
418 1879 551 1915 virtute
573 1877 741 1915 nobilitas
761 1879 896 1928 coepit.
970 1878 1140 1916 Invident
1172 1878 1304 1916 honori

224 1960 304 1982 meo
323 1961 332 1983 ε
363 1959 452 1996 ergo
472 1944 655 1981 invideant
675 1951 713 1980 et
731 1942 861 1987 labori,
889 1943 1131 1987 innocentiae,
1158 1944 1303 1993 pericu-

222 2009 265 2047 lis
284 2010 392 2047 etiam
412 2009 511 2053 meis,
531 2008 701 2058 quoniam
715 2022 781 2058 per
799 2008 888 2045 haec
908 2007 1009 2045 illurn
1029 2008 1121 2058 cepi.
1161 2008 1303 2047 Verum

223 2073 386 2111 homines
406 2073 569 2123 corrupti
590 2072 757 2123 superbia
783 2072 835 2109 ita
853 2081 1009 2109 aetatem
1042 2081 1171 2124 agunt,
1199 2072 1302 2123 quasi

226 2147 362 2176 vestros
382 2128 538 2175 honores
558 2145 791 2175 contemnant
810 2152 819 2175 z
849 2137 900 2175 ita
919 2137 986 2174 hos
1018 2145 1164 2187 petunt,
1198 2134 1302 2187 quasi
