1497 2689
255 285 334 320 2530
416 280 729 320 SALLUSTII
775 281 1162 320 FRAGMENTA.

251 407 322 435 am,
343 393 400 429 alii
422 392 634 437 Sardiniam,
655 393 852 430 secundum
874 393 1096 437 Sallustium,
1116 399 1323 430 tenuerunt.
1343 419 1350 427 .

249 458 353 494 Idem.

308 521 494 558 Dardania
519 535 538 557 a
558 521 748 565 Dardano,
773 522 871 559 Jovis
897 530 934 558 et
955 520 1124 558 Electrae
1140 520 1228 565 filio,
1247 528 1324 563 aut,

254 584 452 621 secundum
484 584 708 629 Sallustium,
736 599 755 621 a
785 585 902 629 Mida,
938 585 1194 622 Dardanorum
1222 597 1327 635 rege,

251 649 313 698 qui
335 649 536 699 Phrygiam
555 649 684 686 tenuit.
740 650 845 687 Idem.

307 712 497 749 Sallustius
521 713 682 763 Scyllam
702 727 828 750 saxum
843 728 919 750 esse
933 714 1036 758 dicit,
1059 713 1170 751 simile
1190 713 1325 750 formae

249 776 451 813 celebratae
467 776 595 826 procul
614 777 822 826 visentibus.
878 777 981 815 Idem.

307 841 349 876 In
369 840 491 877 Sicilia
509 850 563 877 est
594 840 814 885 Enceladus,
845 842 968 879 Othus
988 841 1021 878 in
1043 843 1168 886 Creta,
1196 855 1326 879 secun-

255 905 341 940 dum
363 903 585 941 Sallustium.
641 905 745 942 Idem.

308 969 499 1006 Sallustius
520 970 584 1013 ait,
619 969 873 1019 Hispanorum
901 984 1037 1007 morem
1065 969 1187 1014 fuisse,
1219 978 1261 1006 ut
1289 968 1324 1004 in

256 1033 349 1070 bella
365 1033 535 1070 euntibus
550 1033 742 1084 juvenibus
760 1043 950 1084 parentum
968 1033 1067 1071 facta
1085 1041 1329 1070 memorentur

253 1113 272 1135 a
292 1098 477 1134 matribus.
533 1098 638 1135 Idem.

307 1163 437 1206 Orion,
462 1165 568 1213 juxta
590 1161 813 1206 Sallustium,
841 1162 957 1198 oritur
970 1164 1078 1214 juxta
1097 1161 1181 1198 solis
1201 1160 1325 1200 aestivi

253 1226 410 1277 pulsum.
467 1226 569 1264 Idem.

308 1291 351 1327 In
380 1289 555 1327 Flaminia
584 1299 639 1327 est
668 1289 807 1334 civitas,
834 1304 923 1340 quae
945 1290 1033 1328 Cale
1058 1289 1205 1333 dicitur,
1233 1289 1325 1326 etin

257 1354 378 1392 Gallia
398 1353 469 1390 hoc
485 1353 641 1398 nomine,
662 1367 770 1404 quam
791 1353 982 1391 Sallustius
997 1367 1017 1390 a
1037 1354 1226 1403 Perpenna
1241 1366 1328 1402 cap-

256 1428 330 1455 tam
350 1427 621 1455 commemorat.
652 1418 756 1455 Idem.

309 1484 430 1522 Getae
446 1492 526 1520 sunt
549 1482 678 1532 Mysii,
700 1496 791 1532 quos
809 1482 1000 1520 Sallustius
1015 1495 1035 1518 a
1055 1480 1217 1519 Lucullo
1237 1480 1328 1518 dicit

253 1564 329 1587 esse
349 1556 550 1599 super-atos.
606 1547 710 1586 Idem.

309 1614 556 1666 Trojanorum
572 1620 735 1661 tempore
747 1610 1029 1648 invadendarum
1041 1621 1216 1648 terrarum
1229 1624 1332 1648 caus-

255 1692 292 1715 sa
310 1677 429 1714 fuerat
449 1676 646 1727 navigatio,
669 1675 723 1712 uti
748 1675 939 1713 Sallustius
959 1675 1133 1712 meminit.
1198 1675 1303 1712 Idem.

311 1741 487 1779 Curribus
521 1739 663 1777 falcatis
696 1753 780 1776 usos
812 1753 887 1778 esse
917 1740 1100 1789 antiquos,
1131 1739 1260 1777 Livius
1291 1749 1329 1777 et

258 1805 449 1844 Sallustius
468 1804 613 1841 docent.
669 1803 774 1841 Idem.

310 1870 421 1906 Vices
442 1868 647 1919 significant
669 1881 842 1918 pugnam,
864 1868 948 1917 quia
967 1882 1032 1918 per
1050 1867 1331 1913 vicissitudinem

255 1933 502 1985 pugnabatur,
522 1941 563 1968 ut
583 1932 701 1981 inquit
725 1931 928 1968 Sallustius.
985 1932 1088 1969 Idem.

316 1999 420 2035 Creta
443 1997 546 2034 medio
555 1997 650 2047 jacet
680 1995 791 2033 insula
802 2005 932 2048 ponto:
965 1997 1003 2033 id
1035 2004 1104 2041 est,
1134 1995 1338 2033 secundum

259 2061 484 2104 Sallustium,
504 2060 632 2111 procul
650 2074 670 2097 a
689 2060 901 2097 continenti.
956 2061 1061 2098 Idem.

311 2126 440 2165 Primo*
455 2140 574 2165 mense
593 2125 684 2164 veris
706 2124 840 2163 dicitur
853 2139 988 2164 novum
1003 2139 1080 2172 ver,
1097 2125 1258 2164 secundo
1273 2127 1344 2163 ver‘
