<?xml version="1.0" encoding="UTF-8"?>
<!DOCTYPE html PUBLIC "-//W3C//DTD XHTML 1.0 Transitional//EN"
    "http://www.w3.org/TR/xhtml1/DTD/xhtml1-transitional.dtd">
<html xmlns="http://www.w3.org/1999/xhtml" xml:lang="en" lang="en">
 <head>
  <title>
</title>
<meta http-equiv="Content-Type" content="text/html;charset=utf-8" />
  <meta name='ocr-system' content='tesseract 3.04.00' />
  <meta name='ocr-capabilities' content='ocr_page ocr_carea ocr_par ocr_line ocrx_word'/>
</head>
<body>
  <div class='ocr_page' id='page_1' title='image "./quaesupersuntope00salluoft_0256.png"; bbox 0 0 1497 2689; ppageno 0'>
   <div class='ocr_carea' id='block_1_1' title="bbox 254 269 939 309">
    <p class='ocr_par' dir='ltr' id='par_1_1' title="bbox 254 269 939 309">
     <span class='ocr_line' id='line_1_1' title="bbox 254 269 939 309; baseline 0.006 -4"><span class='ocrx_word' id='word_1_1' title='bbox 254 270 330 306; x_wconf 75' lang='lat'>242</span> <span class='ocrx_word' id='word_1_2' title='bbox 637 269 939 309; x_wconf 87' lang='lat' dir='ltr'>INDEX.</span> 
     </span>
    </p>
   </div>
   <div class='ocr_carea' id='block_1_2' title="bbox 255 379 1340 2162">
    <p class='ocr_par' dir='ltr' id='par_1_2' title="bbox 255 379 1340 2162">
     <span class='ocr_line' id='line_1_2' title="bbox 312 379 1328 429; baseline 0.006 -12"><span class='ocrx_word' id='word_1_3' title='bbox 312 379 506 429; x_wconf 84' lang='lat' dir='ltr'>Micipsam</span> <span class='ocrx_word' id='word_1_4' title='bbox 522 393 604 417; x_wconf 90' lang='lat' dir='ltr'>cum</span> <span class='ocrx_word' id='word_1_5' title='bbox 619 380 748 419; x_wconf 85' lang='lat' dir='ltr'>litteris</span> <span class='ocrx_word' id='word_1_6' title='bbox 763 382 1063 420; x_wconf 79' lang='lat' dir='ltr'>commendatitiis</span> <span class='ocrx_word' id='word_1_7' title='bbox 1078 382 1244 420; x_wconf 83' lang='lat' dir='ltr'>remissus</span> <span class='ocrx_word' id='word_1_8' title='bbox 1261 383 1328 428; x_wconf 84' lang='lat'>67,</span> 
     </span>
     <span class='ocr_line' id='line_1_3' title="bbox 312 443 1328 496; baseline 0.001 -14"><span class='ocrx_word' id='word_1_9' title='bbox 312 447 376 482; x_wconf 83' lang='lat'>68.</span> <span class='ocrx_word' id='word_1_10' title='bbox 398 457 418 480; x_wconf 88' lang='lat' dir='ltr'>a</span> <span class='ocrx_word' id='word_1_11' title='bbox 445 443 603 493; x_wconf 87' lang='lat' dir='ltr'>Micipsa</span> <span class='ocrx_word' id='word_1_12' title='bbox 623 444 796 482; x_wconf 88' lang='lat' dir='ltr'>moriente</span> <span class='ocrx_word' id='word_1_13' title='bbox 817 447 1027 495; x_wconf 85' lang='lat' dir='ltr'>adoptatur,</span> <span class='ocrx_word' id='word_1_14' title='bbox 1058 455 1096 483; x_wconf 87' lang='lat' dir='ltr'>et</span> <span class='ocrx_word' id='word_1_15' title='bbox 1115 461 1198 483; x_wconf 91' lang='lat' dir='ltr'>cum</span> <span class='ocrx_word' id='word_1_16' title='bbox 1217 447 1328 496; x_wconf 79' lang='lat' dir='ltr'>ipsius</span> 
     </span>
     <span class='ocr_line' id='line_1_4' title="bbox 313 507 1331 559; baseline 0.003 -16"><span class='ocrx_word' id='word_1_17' title='bbox 313 507 392 544; x_wconf 85' lang='lat' dir='ltr'>filiis</span> <span class='ocrx_word' id='word_1_18' title='bbox 422 516 641 544; x_wconf 85' lang='lat' dir='ltr'>testamento</span> <span class='ocrx_word' id='word_1_19' title='bbox 672 509 773 545; x_wconf 86' lang='lat' dir='ltr'>heres</span> <span class='ocrx_word' id='word_1_20' title='bbox 804 509 1006 546; x_wconf 85' lang='lat' dir='ltr'>instituitur</span> <span class='ocrx_word' id='word_1_21' title='bbox 1045 512 1107 548; x_wconf 81' lang='lat'>68.</span> <span class='ocrx_word' id='word_1_22' title='bbox 1150 510 1331 559; x_wconf 82' lang='lat' dir='ltr'>Micipsae</span> 
     </span>
     <span class='ocr_line' id='line_1_5' title="bbox 312 571 1340 623; baseline 0.003 -16"><span class='ocrx_word' id='word_1_23' title='bbox 312 571 457 608; x_wconf 86' lang='lat' dir='ltr'>decreta</span> <span class='ocrx_word' id='word_1_24' title='bbox 484 572 638 608; x_wconf 81' lang='lat' dir='ltr'>rescindi</span> <span class='ocrx_word' id='word_1_25' title='bbox 668 582 784 617; x_wconf 88' lang='lat' dir='ltr'>curat,</span> <span class='ocrx_word' id='word_1_26' title='bbox 816 573 1067 623; x_wconf 84' lang='lat' dir='ltr'>Hiempsalem</span> <span class='ocrx_word' id='word_1_27' title='bbox 1095 588 1160 623; x_wconf 91' lang='lat' dir='ltr'>per</span> <span class='ocrx_word' id='word_1_28' title='bbox 1187 573 1340 610; x_wconf 55' lang='lat' dir='ltr'>insidiae</span> 
     </span>
     <span class='ocr_line' id='line_1_6' title="bbox 311 636 1333 687; baseline 0.001 -15"><span class='ocrx_word' id='word_1_29' title='bbox 311 636 484 686; x_wconf 88' lang='lat' dir='ltr'>opprimit</span> <span class='ocrx_word' id='word_1_30' title='bbox 507 639 570 680; x_wconf 87' lang='lat'>70,</span> <span class='ocrx_word' id='word_1_31' title='bbox 593 639 654 677; x_wconf 85' lang='lat'>71.</span> <span class='ocrx_word' id='word_1_32' title='bbox 676 651 818 675; x_wconf 91' lang='lat' dir='ltr'>omnem</span> <span class='ocrx_word' id='word_1_33' title='bbox 840 638 1048 682; x_wconf 85' lang='lat' dir='ltr'>Numidiam</span> <span class='ocrx_word' id='word_1_34' title='bbox 1068 651 1250 687; x_wconf 87' lang='lat' dir='ltr'>occupare</span> <span class='ocrx_word' id='word_1_35' title='bbox 1269 650 1333 687; x_wconf 90' lang='lat' dir='ltr'>pa-</span> 
     </span>
     <span class='ocr_line' id='line_1_7' title="bbox 312 701 1330 753; baseline 0.001 -15"><span class='ocrx_word' id='word_1_36' title='bbox 312 711 381 746; x_wconf 88' lang='lat' dir='ltr'>rat,</span> <span class='ocrx_word' id='word_1_37' title='bbox 401 701 616 738; x_wconf 80' lang='lat' dir='ltr'>Adherbale</span> <span class='ocrx_word' id='word_1_38' title='bbox 635 701 788 753; x_wconf 77' lang='lat' dir='ltr'>fugat03</span> <span class='ocrx_word' id='word_1_39' title='bbox 809 716 849 740; x_wconf 89' lang='lat' dir='ltr'>ac</span> <span class='ocrx_word' id='word_1_40' title='bbox 874 703 1031 740; x_wconf 86' lang='lat' dir='ltr'>Romam</span> <span class='ocrx_word' id='word_1_41' title='bbox 1046 701 1160 738; x_wconf 91' lang='lat' dir='ltr'>mittit</span> <span class='ocrx_word' id='word_1_42' title='bbox 1188 701 1330 752; x_wconf 80' lang='lat' dir='ltr'>legatos</span> 
     </span>
     <span class='ocr_line' id='line_1_8' title="bbox 311 765 1331 817; baseline 0 -16"><span class='ocrx_word' id='word_1_43' title='bbox 311 779 395 802; x_wconf 92' lang='lat' dir='ltr'>cum</span> <span class='ocrx_word' id='word_1_44' title='bbox 424 765 533 816; x_wconf 84' lang='lat' dir='ltr'>largis</span> <span class='ocrx_word' id='word_1_45' title='bbox 563 766 783 811; x_wconf 86' lang='lat' dir='ltr'>muneribus,</span> <span class='ocrx_word' id='word_1_46' title='bbox 813 781 877 817; x_wconf 88' lang='lat' dir='ltr'>per</span> <span class='ocrx_word' id='word_1_47' title='bbox 896 780 987 816; x_wconf 92' lang='lat' dir='ltr'>quos</span> <span class='ocrx_word' id='word_1_48' title='bbox 1007 780 1043 803; x_wconf 89' lang='lat' dir='ltr'>se</span> <span class='ocrx_word' id='word_1_49' title='bbox 1074 765 1246 816; x_wconf 89' lang='lat' dir='ltr'>purgavit</span> <span class='ocrx_word' id='word_1_50' title='bbox 1267 766 1331 808; x_wconf 85' lang='lat'>71,</span> 
     </span>
     <span class='ocr_line' id='line_1_9' title="bbox 311 828 1331 881; baseline -0.002 -14"><span class='ocrx_word' id='word_1_51' title='bbox 311 830 375 873; x_wconf 77' lang='lat'>72,</span> <span class='ocrx_word' id='word_1_52' title='bbox 398 833 467 866; x_wconf 88' lang='lat' dir='ltr'>&amp;c.</span> <span class='ocrx_word' id='word_1_53' title='bbox 499 828 681 866; x_wconf 88' lang='lat' dir='ltr'>meliorem</span> <span class='ocrx_word' id='word_1_54' title='bbox 702 830 888 868; x_wconf 89' lang='lat' dir='ltr'>Numidici</span> <span class='ocrx_word' id='word_1_55' title='bbox 908 830 1008 881; x_wconf 83' lang='lat' dir='ltr'>regni</span> <span class='ocrx_word' id='word_1_56' title='bbox 1029 830 1234 880; x_wconf 87' lang='lat' dir='ltr'>portionem</span> <span class='ocrx_word' id='word_1_57' title='bbox 1255 843 1331 865; x_wconf 86' lang='lat' dir='ltr'>sor-</span> 
     </span>
     <span class='ocr_line' id='line_1_10' title="bbox 255 893 1332 946; baseline 0 -16"><span class='ocrx_word' id='word_1_58' title='bbox 255 909 260 913; x_wconf 90' lang='lat'><strong>·</strong></span> <span class='ocrx_word' id='word_1_59' title='bbox 309 893 413 937; x_wconf 90' lang='lat' dir='ltr'>titur,</span> <span class='ocrx_word' id='word_1_60' title='bbox 446 893 611 943; x_wconf 86' lang='lat' dir='ltr'>Opimio,</span> <span class='ocrx_word' id='word_1_61' title='bbox 649 895 834 932; x_wconf 78' lang='lat' dir='ltr'>Romanae</span> <span class='ocrx_word' id='word_1_62' title='bbox 863 895 1054 946; x_wconf 84' lang='lat' dir='ltr'>legationis</span> <span class='ocrx_word' id='word_1_63' title='bbox 1087 894 1264 945; x_wconf 87' lang='lat' dir='ltr'>principe,</span> <span class='ocrx_word' id='word_1_64' title='bbox 1291 895 1332 930; x_wconf 82' lang='lat' dir='ltr'>in</span> 
     </span>
     <span class='ocr_line' id='line_1_11' title="bbox 309 958 1331 1010; baseline 0.001 -16"><span class='ocrx_word' id='word_1_65' title='bbox 309 971 388 996; x_wconf 83' lang='lat' dir='ltr'>suas</span> <span class='ocrx_word' id='word_1_66' title='bbox 415 966 535 1007; x_wconf 87' lang='lat' dir='ltr'>partes</span> <span class='ocrx_word' id='word_1_67' title='bbox 555 958 715 995; x_wconf 83' lang='lat' dir='ltr'>adducto</span> <span class='ocrx_word' id='word_1_68' title='bbox 738 960 800 999; x_wconf 77' lang='lat'>78.</span> <span class='ocrx_word' id='word_1_69' title='bbox 820 959 854 995; x_wconf 87' lang='lat' dir='ltr'>in</span> <span class='ocrx_word' id='word_1_70' title='bbox 875 959 1100 997; x_wconf 86' lang='lat' dir='ltr'>Adherbalis</span> <span class='ocrx_word' id='word_1_71' title='bbox 1119 972 1272 1010; x_wconf 85' lang='lat' dir='ltr'>regnum</span> <span class='ocrx_word' id='word_1_72' title='bbox 1292 972 1331 995; x_wconf 88' lang='lat' dir='ltr'>a-</span> 
     </span>
     <span class='ocr_line' id='line_1_12' title="bbox 312 1021 1330 1075; baseline 0.001 -18"><span class='ocrx_word' id='word_1_73' title='bbox 312 1021 448 1058; x_wconf 89' lang='lat' dir='ltr'>nimum</span> <span class='ocrx_word' id='word_1_74' title='bbox 468 1021 623 1058; x_wconf 88' lang='lat' dir='ltr'>intendit</span> <span class='ocrx_word' id='word_1_75' title='bbox 642 1037 652 1066; x_wconf 74' lang='lat'><em>3</em></span> <span class='ocrx_word' id='word_1_76' title='bbox 681 1034 732 1066; x_wconf 87' lang='lat' dir='ltr'>et,</span> <span class='ocrx_word' id='word_1_77' title='bbox 751 1023 846 1074; x_wconf 86' lang='lat' dir='ltr'>agris</span> <span class='ocrx_word' id='word_1_78' title='bbox 865 1026 941 1075; x_wconf 83' lang='lat' dir='ltr'>ejus</span> <span class='ocrx_word' id='word_1_79' title='bbox 962 1023 1120 1066; x_wconf 81' lang='lat' dir='ltr'>vastatis,</span> <span class='ocrx_word' id='word_1_80' title='bbox 1135 1022 1252 1072; x_wconf 84' lang='lat' dir='ltr'>ipsum</span> <span class='ocrx_word' id='word_1_81' title='bbox 1272 1021 1330 1058; x_wconf 89' lang='lat' dir='ltr'>fu-</span> 
     </span>
     <span class='ocr_line' id='line_1_13' title="bbox 310 1085 1326 1138; baseline 0 -15"><span class='ocrx_word' id='word_1_82' title='bbox 310 1100 395 1137; x_wconf 85' lang='lat' dir='ltr'>gere</span> <span class='ocrx_word' id='word_1_83' title='bbox 416 1085 555 1123; x_wconf 86' lang='lat' dir='ltr'>Cirtam</span> <span class='ocrx_word' id='word_1_84' title='bbox 571 1086 773 1136; x_wconf 86' lang='lat' dir='ltr'>compellit,</span> <span class='ocrx_word' id='word_1_85' title='bbox 794 1087 1008 1138; x_wconf 86' lang='lat' dir='ltr'>Cirtamque</span> <span class='ocrx_word' id='word_1_86' title='bbox 1022 1088 1166 1125; x_wconf 89' lang='lat' dir='ltr'>obsidet</span> <span class='ocrx_word' id='word_1_87' title='bbox 1183 1089 1246 1131; x_wconf 79' lang='lat'>82,</span> <span class='ocrx_word' id='word_1_88' title='bbox 1263 1089 1326 1124; x_wconf 77' lang='lat'>83.</span> 
     </span>
     <span class='ocr_line' id='line_1_14' title="bbox 309 1149 1328 1201; baseline 0.001 -14"><span class='ocrx_word' id='word_1_89' title='bbox 309 1149 439 1200; x_wconf 86' lang='lat' dir='ltr'>legatis</span> <span class='ocrx_word' id='word_1_90' title='bbox 462 1149 636 1186; x_wconf 84' lang='lat' dir='ltr'>Romanis</span> <span class='ocrx_word' id='word_1_91' title='bbox 652 1150 758 1187; x_wconf 88' lang='lat' dir='ltr'>semel</span> <span class='ocrx_word' id='word_1_92' title='bbox 774 1160 884 1200; x_wconf 84' lang='lat' dir='ltr'>atque</span> <span class='ocrx_word' id='word_1_93' title='bbox 899 1151 1029 1188; x_wconf 89' lang='lat' dir='ltr'>iterum</span> <span class='ocrx_word' id='word_1_94' title='bbox 1047 1152 1243 1201; x_wconf 87' lang='lat' dir='ltr'>respondet</span> <span class='ocrx_word' id='word_1_95' title='bbox 1265 1153 1328 1188; x_wconf 82' lang='lat'>84.</span> 
     </span>
     <span class='ocr_line' id='line_1_15' title="bbox 313 1214 1333 1264; baseline 0 -12"><span class='ocrx_word' id='word_1_96' title='bbox 313 1214 417 1252; x_wconf 85' lang='lat' dir='ltr'>Cirta</span> <span class='ocrx_word' id='word_1_97' title='bbox 445 1228 510 1264; x_wconf 88' lang='lat' dir='ltr'>per</span> <span class='ocrx_word' id='word_1_98' title='bbox 528 1214 748 1251; x_wconf 81' lang='lat' dir='ltr'>deditionem</span> <span class='ocrx_word' id='word_1_99' title='bbox 771 1216 925 1264; x_wconf 87' lang='lat' dir='ltr'>potitus,</span> <span class='ocrx_word' id='word_1_100' title='bbox 954 1215 1220 1259; x_wconf 88' lang='lat' dir='ltr'>Adherbalem,</span> <span class='ocrx_word' id='word_1_101' title='bbox 1251 1215 1333 1253; x_wconf 91' lang='lat' dir='ltr'>Nu-</span> 
     </span>
     <span class='ocr_line' id='line_1_16' title="bbox 313 1279 1331 1331; baseline 0.003 -17"><span class='ocrx_word' id='word_1_102' title='bbox 313 1279 499 1328; x_wconf 87' lang='lat' dir='ltr'>midasque</span> <span class='ocrx_word' id='word_1_103' title='bbox 514 1293 636 1315; x_wconf 82' lang='lat' dir='ltr'>omnes</span> <span class='ocrx_word' id='word_1_104' title='bbox 657 1280 824 1328; x_wconf 90' lang='lat' dir='ltr'>puberes,</span> <span class='ocrx_word' id='word_1_105' title='bbox 840 1294 882 1316; x_wconf 87' lang='lat' dir='ltr'>ac</span> <span class='ocrx_word' id='word_1_106' title='bbox 897 1280 1144 1331; x_wconf 87' lang='lat' dir='ltr'>negotiatores</span> <span class='ocrx_word' id='word_1_107' title='bbox 1158 1279 1331 1317; x_wconf 82' lang='lat' dir='ltr'>interficit</span> 
     </span>
     <span class='ocr_line' id='line_1_17' title="bbox 314 1342 1331 1395; baseline -0.001 -14"><span class='ocrx_word' id='word_1_108' title='bbox 314 1345 377 1383; x_wconf 85' lang='lat'>87.</span> <span class='ocrx_word' id='word_1_109' title='bbox 396 1343 509 1379; x_wconf 87' lang='lat' dir='ltr'>filium</span> <span class='ocrx_word' id='word_1_110' title='bbox 524 1342 689 1392; x_wconf 86' lang='lat' dir='ltr'>duosque</span> <span class='ocrx_word' id='word_1_111' title='bbox 702 1342 890 1381; x_wconf 84' lang='lat' dir='ltr'>familiares</span> <span class='ocrx_word' id='word_1_112' title='bbox 906 1345 951 1381; x_wconf 88' lang='lat' dir='ltr'>ad</span> <span class='ocrx_word' id='word_1_113' title='bbox 967 1353 1130 1381; x_wconf 90' lang='lat' dir='ltr'>senatum</span> <span class='ocrx_word' id='word_1_114' title='bbox 1143 1344 1255 1395; x_wconf 86' lang='lat' dir='ltr'>legat,</span> <span class='ocrx_word' id='word_1_115' title='bbox 1269 1345 1331 1394; x_wconf 90' lang='lat' dir='ltr'>qui</span> 
     </span>
     <span class='ocr_line' id='line_1_18' title="bbox 313 1406 1333 1446; baseline 0.002 -3"><span class='ocrx_word' id='word_1_116' title='bbox 313 1406 456 1444; x_wconf 85' lang='lat' dir='ltr'>infectis</span> <span class='ocrx_word' id='word_1_117' title='bbox 483 1407 590 1443; x_wconf 89' lang='lat' dir='ltr'>rebus</span> <span class='ocrx_word' id='word_1_118' title='bbox 610 1406 849 1443; x_wconf 88' lang='lat' dir='ltr'>discesserunt</span> <span class='ocrx_word' id='word_1_119' title='bbox 867 1411 929 1445; x_wconf 88' lang='lat'>88.</span> <span class='ocrx_word' id='word_1_120' title='bbox 955 1408 1037 1444; x_wconf 86' lang='lat' dir='ltr'>dein</span> <span class='ocrx_word' id='word_1_121' title='bbox 1053 1422 1137 1445; x_wconf 90' lang='lat' dir='ltr'>cum</span> <span class='ocrx_word' id='word_1_122' title='bbox 1160 1408 1282 1446; x_wconf 87' lang='lat' dir='ltr'>Bestia</span> <span class='ocrx_word' id='word_1_123' title='bbox 1295 1418 1333 1445; x_wconf 85' lang='lat' dir='ltr'>et</span> 
     </span>
     <span class='ocr_line' id='line_1_19' title="bbox 315 1471 1332 1522; baseline 0.001 -14"><span class='ocrx_word' id='word_1_124' title='bbox 315 1472 454 1508; x_wconf 89' lang='lat' dir='ltr'>Scauro</span> <span class='ocrx_word' id='word_1_125' title='bbox 475 1480 612 1507; x_wconf 82' lang='lat' dir='ltr'>secreta</span> <span class='ocrx_word' id='word_1_126' title='bbox 631 1471 799 1521; x_wconf 85' lang='lat' dir='ltr'>transigit</span> <span class='ocrx_word' id='word_1_127' title='bbox 821 1474 884 1509; x_wconf 85' lang='lat'>90.</span> <span class='ocrx_word' id='word_1_128' title='bbox 906 1485 988 1508; x_wconf 90' lang='lat' dir='ltr'>cum</span> <span class='ocrx_word' id='word_1_129' title='bbox 1009 1472 1136 1510; x_wconf 87' lang='lat' dir='ltr'>Cassio</span> <span class='ocrx_word' id='word_1_130' title='bbox 1164 1481 1332 1522; x_wconf 87' lang='lat' dir='ltr'>praetore</span> 
     </span>
     <span class='ocr_line' id='line_1_20' title="bbox 314 1535 1334 1587; baseline 0.001 -14"><span class='ocrx_word' id='word_1_131' title='bbox 314 1537 472 1574; x_wconf 85' lang='lat' dir='ltr'>Romam</span> <span class='ocrx_word' id='word_1_132' title='bbox 491 1535 587 1572; x_wconf 87' lang='lat' dir='ltr'>venit</span> <span class='ocrx_word' id='word_1_133' title='bbox 609 1538 672 1573; x_wconf 84' lang='lat'>96.</span> <span class='ocrx_word' id='word_1_134' title='bbox 696 1536 920 1585; x_wconf 84' lang='lat' dir='ltr'>Baebioque,</span> <span class='ocrx_word' id='word_1_135' title='bbox 945 1536 1091 1573; x_wconf 88' lang='lat' dir='ltr'>tribuno</span> <span class='ocrx_word' id='word_1_136' title='bbox 1111 1536 1240 1586; x_wconf 89' lang='lat' dir='ltr'>plebis,</span> <span class='ocrx_word' id='word_1_137' title='bbox 1269 1551 1334 1587; x_wconf 90' lang='lat' dir='ltr'>pe-</span> 
     </span>
     <span class='ocr_line' id='line_1_21' title="bbox 311 1599 1330 1649; baseline -0.001 -11"><span class='ocrx_word' id='word_1_138' title='bbox 311 1600 416 1639; x_wconf 83' lang='lat' dir='ltr'>cunia</span> <span class='ocrx_word' id='word_1_139' title='bbox 435 1609 626 1649; x_wconf 81' lang='lat' dir='ltr'>corrupto,</span> <span class='ocrx_word' id='word_1_140' title='bbox 656 1599 789 1636; x_wconf 85' lang='lat' dir='ltr'>frustra</span> <span class='ocrx_word' id='word_1_141' title='bbox 810 1613 830 1636; x_wconf 88' lang='lat' dir='ltr'>a</span> <span class='ocrx_word' id='word_1_142' title='bbox 859 1600 1036 1637; x_wconf 90' lang='lat' dir='ltr'>Memmio</span> <span class='ocrx_word' id='word_1_143' title='bbox 1056 1610 1248 1638; x_wconf 85' lang='lat' dir='ltr'>accusatur</span> <span class='ocrx_word' id='word_1_144' title='bbox 1267 1603 1330 1639; x_wconf 89' lang='lat'>96.</span> 
     </span>
     <span class='ocr_line' id='line_1_22' title="bbox 312 1663 1331 1713; baseline -0.001 -11"><span class='ocrx_word' id='word_1_145' title='bbox 312 1664 421 1708; x_wconf 87' lang='lat' dir='ltr'>necis,</span> <span class='ocrx_word' id='word_1_146' title='bbox 452 1677 560 1713; x_wconf 87' lang='lat' dir='ltr'>quam</span> <span class='ocrx_word' id='word_1_147' title='bbox 593 1663 777 1700; x_wconf 87' lang='lat' dir='ltr'>Bomilcar</span> <span class='ocrx_word' id='word_1_148' title='bbox 808 1663 987 1701; x_wconf 83' lang='lat' dir='ltr'>Massivae</span> <span class='ocrx_word' id='word_1_149' title='bbox 1022 1663 1206 1708; x_wconf 86' lang='lat' dir='ltr'>intulerat,</span> <span class='ocrx_word' id='word_1_150' title='bbox 1237 1679 1331 1709; x_wconf 91' lang='lat' dir='ltr'>reus,</span> 
     </span>
     <span class='ocr_line' id='line_1_23' title="bbox 314 1727 1334 1780; baseline 0 -15"><span class='ocrx_word' id='word_1_151' title='bbox 314 1728 422 1766; x_wconf 84' lang='lat' dir='ltr'>Italia</span> <span class='ocrx_word' id='word_1_152' title='bbox 435 1728 587 1780; x_wconf 87' lang='lat' dir='ltr'>jubetur</span> <span class='ocrx_word' id='word_1_153' title='bbox 607 1727 788 1764; x_wconf 84' lang='lat' dir='ltr'>discedere</span> <span class='ocrx_word' id='word_1_154' title='bbox 811 1730 872 1765; x_wconf 89' lang='lat'>98.</span> <span class='ocrx_word' id='word_1_155' title='bbox 905 1727 1000 1764; x_wconf 88' lang='lat' dir='ltr'>bello</span> <span class='ocrx_word' id='word_1_156' title='bbox 1020 1728 1055 1764; x_wconf 91' lang='lat' dir='ltr'>in</span> <span class='ocrx_word' id='word_1_157' title='bbox 1075 1727 1210 1765; x_wconf 88' lang='lat' dir='ltr'>Africa</span> <span class='ocrx_word' id='word_1_158' title='bbox 1229 1742 1334 1765; x_wconf 90' lang='lat' dir='ltr'>reno-</span> 
     </span>
     <span class='ocr_line' id='line_1_24' title="bbox 312 1789 1331 1842; baseline -0.001 -12"><span class='ocrx_word' id='word_1_159' title='bbox 312 1801 410 1836; x_wconf 84' lang='lat' dir='ltr'>vato,</span> <span class='ocrx_word' id='word_1_160' title='bbox 456 1791 639 1829; x_wconf 84' lang='lat' dir='ltr'>Albinum</span> <span class='ocrx_word' id='word_1_161' title='bbox 679 1789 863 1828; x_wconf 87' lang='lat' dir='ltr'>consulem</span> <span class='ocrx_word' id='word_1_162' title='bbox 901 1790 1079 1835; x_wconf 86' lang='lat' dir='ltr'>ludificat,</span> <span class='ocrx_word' id='word_1_163' title='bbox 1125 1791 1331 1842; x_wconf 89' lang='lat' dir='ltr'>Albinique</span> 
     </span>
     <span class='ocr_line' id='line_1_25' title="bbox 316 1854 1331 1905; baseline -0.002 -11"><span class='ocrx_word' id='word_1_164' title='bbox 316 1857 472 1895; x_wconf 84' lang='lat' dir='ltr'>Romam</span> <span class='ocrx_word' id='word_1_165' title='bbox 487 1855 615 1892; x_wconf 82' lang='lat' dir='ltr'>reversi</span> <span class='ocrx_word' id='word_1_166' title='bbox 630 1854 792 1898; x_wconf 89' lang='lat' dir='ltr'>fratrem,</span> <span class='ocrx_word' id='word_1_167' title='bbox 812 1854 969 1898; x_wconf 92' lang='lat' dir='ltr'>Aulum,</span> <span class='ocrx_word' id='word_1_168' title='bbox 989 1864 1277 1905; x_wconf 84' lang='lat' dir='ltr'>propraetorem,</span> <span class='ocrx_word' id='word_1_169' title='bbox 1297 1856 1331 1892; x_wconf 88' lang='lat' dir='ltr'>in</span> 
     </span>
     <span class='ocr_line' id='line_1_26' title="bbox 315 1918 1332 1970; baseline -0.002 -12"><span class='ocrx_word' id='word_1_170' title='bbox 315 1934 416 1970; x_wconf 75' lang='lat' dir='ltr'>spem</span> <span class='ocrx_word' id='word_1_171' title='bbox 444 1919 622 1969; x_wconf 87' lang='lat' dir='ltr'>pactionis</span> <span class='ocrx_word' id='word_1_172' title='bbox 651 1919 767 1968; x_wconf 90' lang='lat' dir='ltr'>primo</span> <span class='ocrx_word' id='word_1_173' title='bbox 787 1918 940 1962; x_wconf 87' lang='lat' dir='ltr'>inducit,</span> <span class='ocrx_word' id='word_1_174' title='bbox 969 1927 1096 1968; x_wconf 88' lang='lat' dir='ltr'>postea</span> <span class='ocrx_word' id='word_1_175' title='bbox 1114 1921 1190 1970; x_wconf 81' lang='lat' dir='ltr'>ejus</span> <span class='ocrx_word' id='word_1_176' title='bbox 1213 1928 1332 1958; x_wconf 82' lang='lat' dir='ltr'>castra</span> 
     </span>
     <span class='ocr_line' id='line_1_27' title="bbox 317 1982 1334 2033; baseline -0.001 -12"><span class='ocrx_word' id='word_1_177' title='bbox 317 1985 362 2021; x_wconf 92' lang='lat' dir='ltr'>de</span> <span class='ocrx_word' id='word_1_178' title='bbox 382 1983 576 2033; x_wconf 85' lang='lat' dir='ltr'>improviso</span> <span class='ocrx_word' id='word_1_179' title='bbox 595 1982 832 2020; x_wconf 85' lang='lat' dir='ltr'>circumvenit</span> <span class='ocrx_word' id='word_1_180' title='bbox 862 1985 925 2026; x_wconf 87' lang='lat'>98,</span> <span class='ocrx_word' id='word_1_181' title='bbox 956 1986 1020 2027; x_wconf 82' lang='lat'>99,</span> <span class='ocrx_word' id='word_1_182' title='bbox 1043 1987 1112 2021; x_wconf 89' lang='lat' dir='ltr'>&amp;c.</span> <span class='ocrx_word' id='word_1_183' title='bbox 1140 1992 1178 2020; x_wconf 91' lang='lat' dir='ltr'>et</span> <span class='ocrx_word' id='word_1_184' title='bbox 1196 1984 1334 2020; x_wconf 80' lang='lat' dir='ltr'>exerci-</span> 
     </span>
     <span class='ocr_line' id='line_1_28' title="bbox 316 2045 1333 2099; baseline -0.002 -14"><span class='ocrx_word' id='word_1_185' title='bbox 316 2057 394 2086; x_wconf 84' lang='lat' dir='ltr'>tum</span> <span class='ocrx_word' id='word_1_186' title='bbox 416 2048 482 2084; x_wconf 89' lang='lat' dir='ltr'>sub</span> <span class='ocrx_word' id='word_1_187' title='bbox 505 2049 638 2099; x_wconf 88' lang='lat' dir='ltr'>jugum</span> <span class='ocrx_word' id='word_1_188' title='bbox 658 2045 773 2083; x_wconf 87' lang='lat' dir='ltr'>mittit</span> <span class='ocrx_word' id='word_1_189' title='bbox 799 2048 883 2083; x_wconf 85' lang='lat'>101.</span> <span class='ocrx_word' id='word_1_190' title='bbox 905 2046 950 2083; x_wconf 87' lang='lat' dir='ltr'>ad</span> <span class='ocrx_word' id='word_1_191' title='bbox 979 2046 1173 2084; x_wconf 87' lang='lat' dir='ltr'>Metellum</span> <span class='ocrx_word' id='word_1_192' title='bbox 1190 2046 1333 2097; x_wconf 87' lang='lat' dir='ltr'>legatos</span> 
     </span>
     <span class='ocr_line' id='line_1_29' title="bbox 321 2110 1334 2162; baseline -0.001 -14"><span class='ocrx_word' id='word_1_193' title='bbox 321 2111 564 2162; x_wconf 66' lang='lat' dir='ltr'>supplicatum</span> <span class='ocrx_word' id='word_1_194' title='bbox 584 2110 698 2149; x_wconf 88' lang='lat' dir='ltr'>mittit</span> <span class='ocrx_word' id='word_1_195' title='bbox 722 2111 808 2151; x_wconf 77' lang='lat'>107.</span> <span class='ocrx_word' id='word_1_196' title='bbox 830 2124 914 2150; x_wconf 88' lang='lat' dir='ltr'>cum</span> <span class='ocrx_word' id='word_1_197' title='bbox 933 2125 977 2149; x_wconf 81' lang='lat' dir='ltr'>eo</span> <span class='ocrx_word' id='word_1_198' title='bbox 997 2110 1093 2149; x_wconf 84' lang='lat' dir='ltr'>varia</span> <span class='ocrx_word' id='word_1_199' title='bbox 1110 2110 1256 2150; x_wconf 84' lang='lat' dir='ltr'>fortuna</span> <span class='ocrx_word' id='word_1_200' title='bbox 1275 2126 1334 2148; x_wconf 74' lang='lat' dir='ltr'>va-</span> 
     </span>
    </p>
   </div>
  </div>
 </body>
</html>
