1451 2719
331 285 645 327 SALLUSTII
674 285 1017 326 JUGURTHA.
1155 288 1203 327 71

132 412 382 460 aeceptusque
403 423 544 460 semper
571 409 717 456 fuerat3
746 424 855 460 quern
873 410 946 454 ille,
974 422 1059 446 casu
1092 405 1213 446 minis-

133 485 231 512 trum
250 474 430 518 oblatum,
459 474 642 523 promissis
661 482 802 518 onerat,
831 475 885 511 uti
904 483 1091 523 tamquam
1110 474 1211 509 suam

132 538 246 576 visens
261 538 411 575 domum
425 547 498 581 eat,
519 546 707 587 portarum
720 538 830 574 clavis
845 537 1065 574 adulterinas
1077 545 1181 586 paret
1198 543 1212 581 3¹

133 616 215 639 nam
235 615 338 639 verae
371 601 417 637 ad
439 601 691 651 Hiempsalem
719 601 992 638 referebantur:
1035 610 1212 645 ceterum,

133 667 197 704 ubi
217 680 272 703 res
292 665 510 716 postularet,
538 679 574 702 se
595 666 711 715 ipsum
741 680 828 703 cum
846 679 978 716 magna
996 678 1105 702 manu
1130 680 1215 702 ven-

132 741 269 769 turum.
329 730 490 768 Numida
509 731 678 767 mandata
694 731 796 768 brevi
817 730 1006 776 confecit3
1025 740 1151 781 atque,
1171 740 1213 767 ut

134 797 268 834 doctus
298 804 390 839 erat,
433 804 545 832 noctu
577 796 786 846 Jugunhae
819 795 952 832 milites
996 795 1212 832 introducit.

135 861 227 912 Qui,
247 869 443 911 postquam
463 860 498 896 in
516 860 616 896 aedis
629 860 804 909 irrupere,
818 860 949 896 diversi
960 874 1084 911 regem
1103 874 1217 910 quae-

135 927 239 970 rere;'
269 925 479 962 dormientis
499 924 601 968 alios,
630 924 719 960 alios
736 925 962 961 occursantis
983 924 1185 961 interficere
1201 937 1218 970 ;‘

138 990 290 1028 scrutari
310 989 391 1026 loca
410 989 547 1031 abdita,
588 987 711 1024 clausa
733 988 952 1039 effringere-3
992 989 1147 1038 strepitu
1175 997 1215 1026 et

134 1053 297 1092 tumultu
317 1053 436 1089 omnia
456 1052 605 1088 miscere
622 1067 632 1088 z
660 1066 747 1088 cum
768 1051 966 1102 Hiempsal
982 1053 1127 1089 interim
1161 1067 1218 1090 re-

134 1118 274 1168 peritur
293 1115 482 1153 occultans
503 1122 578 1152 sese
592 1116 744 1165 tugurio
759 1116 918 1152 mulieris
943 1116 1108 1160 ancillae,
1124 1127 1219 1166 quo,·

133 1182 251 1225 initio,
272 1180 423 1231 pavidus
442 1189 479 1216 et
495 1179 641 1230 ignarus
659 1179 746 1222 loci,
764 1179 992 1230 perfugerat.
1032 1181 1216 1218 Numidae

137 1254 252 1296 caput
271 1247 361 1297 ejus,
390 1244 533 1296 utjussi
550 1253 667 1288 erant,
693 1244 740 1281 ad
758 1245 984 1295 Jugurtbam
1001 1244 1176 1282 referunt.

189 1375 314 1413 XIII.
345 1374 559 1412 Caunum
583 1372 679 1411 fama
690 1375 786 1412 tanti
800 1374 970 1412 facinoris
989 1389 1056 1426 per
1073 1377 1219 1414 omnem

139 1436 312 1476 Africam
331 1437 431 1475 brevi
451 1436 662 1488 divulgatur
677 1453 688 1475 :
734 1439 991 1476 Adherbalem
1015 1440 1219 1489 omnisque,

137 1503 202 1553 qui
223 1502 291 1539 sub
311 1501 465 1551 imperio
487 1501 668 1551 Micipsae
681 1501 841 1546 fuerant,
861 1516 980 1540 metus
998 1503 1162 1541 invadit:
1184 1503 1220 1540 in

138 1567 227 1604 duas
246 1566 360 1616 partis
380 1565 600 1602 discedunt:
629 1565 753 1615 plures
784 1566 1040 1603 Adherbalem
1063 1580 1225 1617 sequun-

137 1641 213 1675 tur,
241 1630 305 1668 sed
323 1629 427 1667 illum
456 1629 612 1667 alterum
638 1630 737 1667 bello
754 1630 934 1668 meliores.
1003 1631 1129 1681 Igitur
1155 1632 1225 1669 Ju-

142 1697 279 1750 gurtha
299 1710 407 1747 quam
426 1709 613 1732 maxumas
630 1704 757 1746 potest
782 1696 909 1746 copias
936 1706 1052 1733 ammt
1069 1710 1081 1742 3
1122 1696 1224 1734 urbis

147 1762 282 1813 partim
304 1761 351 1805 vi,
372 1759 458 1797 alias
470 1760 671 1804 voluntate,
686 1761 838 1811 imperio
852 1776 919 1798 suo
932 1762 1101 1813 adjungit
1115 1777 1127 1807 3
1146 1776 1227 1798 om-

139 1826 179 1863 ni
198 1825 394 1864 Numidiae
415 1825 590 1874 imperare
608 1827 728 1875 p‘arat.
783 1826 995 1869 Adherbal,
1014 1835 1136 1863 tamen
1155 1826 1224 1863 etsi

144 1891 302 1928 Romam
319 1889 464 1941 legatos
493 1889 652 1933 miserat,
678 1889 744 1939 qui
775 1901 943 1927 senatum
973 1890 1149 1928 docerent
1178 1891 1224 1928 de

140 1955 252 1992 caede
272 1954 394 1992 fratris
414 1963 452 1992 et
472 1953 627 1991 fortunis
638 1954 710 1991 suis
727 1970 739 1999 ;
766 1963 904 1998 tamen,
922 1954 1039 1992 fretus
1056 1955 1227 1992 multitu-

140 2020 226 2057 dine
246 2019 418 2063 militum‚
445 2019 598 2069 parabat
617 2019 723 2055 armis
749 2019 985 2056 contendere.
1043 2020 1133 2063 Sed,
1162 2021 1224 2057 ubi

140 2087 200 2122 res
216 2084 263 2122 ad
282 2093 463 2122 certamen
483 2083 595 2127 venit,
621 2083 754 2127 vietus,
772 2098 819 2120 ex
838 2084 980 2133 proelio
997 2083 1169 2136 profugit
1189 2086 1224 2121 in

142 2149 380 2198 provinciam,
411 2163 453 2186 ac
488 2148 618 2186 deinde
653 2148 813 2185 Romam
844 2148 1048 2185 contendit.
1123 2149 1226 2187 Tum
