1451 2719
539 272 840 314 INDEX.
1148 271 1224 309 247

157 384 313 423 Murena
332 383 490 420 ulteriori
512 384 653 422 Galliae
672 383 814 434 legatus
832 388 996 432 praeerat
1017 381 1080 418 34·

157 448 324 493 Muthul,
355 449 547 486 Numidiae
569 449 699 486 flumen
725 450 810 486 109.

673 569 710 606 Ν

159 645 406 687 Numam,
440 658 459 680 a
481 643 681 680 Bomilcare
701 642 735 678 in
760 640 949 679 consilium
967 649 1005 678 et
1024 640 1228 692 Jugurthae

211 698 404 748 perniciem
425 706 588 740 vocatus,
617 711 636 732 a
664 696 792 733 cliente
812 695 978 745 proditus
1004 697 1091 738 1:50,
1115 696 1201 732 131.

210 762 432 813 Jugurtham
452 771 569 798 tamen
592 760 712 810 placat
732 763 818 804 131,
844 762 929 797 132.

159 825 357 863 Numantia
377 824 495 862 deleta
516 827 578 864 (57.

159 891 399 930 Numidarum
420 890 616 941 ingenium,
629 899 665 927 et
679 904 794 927 mores
814 892 900 933 107,
922 891 1008 933 114,
1029 890 1115 932 131,
1144 889 1231 932 151,

212 958 278 1000 71,
299 958 362 1000 80,
384 958 446 992 81.

667 1074 704 1112 O

159 1152 386 1189 Ocu-avius
412 1148 534 1187 Rufus
555 1158 726 1198 quaestor
750 1149 836 1188 167.

162 1214 346 1264 Opimius,
373 1213 564 1264 legationis
589 1213 774 1249 Romanae
793 1211 976 1262 princeps,
1005 1224 1025 1248 a
1048 1209 1234 1261 Jugurtha

211 1278 457 1327 corrumpitur
477 1280 539 1317 78.

163 1342 294 1381 Oratio
315 1341 492 1380 Catilinae
517 1341 562 1377 ad
595 1343 801 1392 conjuratos
836 1343 895 1379 16.
929 1339 975 1376 ad
1006 1338 1136 1376 milites
1169 1341 1234 1377 54.

215 1406 380 1444 Caesaris
399 1414 436 1442 et
456 1404 609 1443 Catonis
628 1405 673 1441 de
693 1404 886 1456 conjuratis
908 1408 971 1448 41,
995 1408 1065 1442 &c.
1098 1404 1149 1441 ad
1170 1407 1234 1442 50.

215 1471 396 1520 Micipsae
417 1470 462 1506 ad
482 1468 574 1506 filios
593 1477 631 1505 et
662 1469 883 1520 Jugurtham
917 1471 980 1507 68.
1013 1467 1237 1505 Adherbalis

215 1534 260 1571 ad
275 1544 437 1571 senatum
456 1535 520 1576 72,
539 1537 608 1571 &c-
631 1531 796 1570 Memmii
812 1531 857 1568 ad
876 1531 1052 1581 populum
1069 1534 1132 1570 91.
1154 1531 1238 1569 Ma-

215 1598 256 1634 rii
277 1598 321 1634 ad
341 1597 519 1648 populum
545 1598 631 1634 142.
655 1595 775 1633 Sullae
791 1596 836 1632 ad
850 1595 1042 1633 Bocchum
1061 1599 1148 1639 164,
1163 1600 1235 1633 &c.

218 1661 357 1699 Bocchi
377 1662 422 1698 ad
446 1660 583 1698 Sullam
600 1662 685 1700 171.
701 1659 837 1709 Lepidi
853 1668 980 1697 contra
995 1659 1131 1697 Sullam
1148 1661 1234 1700 179.

216 1725 377 1776 Philippi
399 1734 527 1762 contra
549 1724 735 1775 Lepidum
759 1727 844 1762 184.
875 1724 1011 1762 Licinii
1029 1726 1075 1762 ad
1092 1724 1237 1776 plebem

219 1791 308 1827 202.
338 1790 474 1827 Cottae
495 1789 540 1825 ad
559 1788 737 1839 populum
758 1790 846 1828 217.

684 1909 716 1946 P

169 1986 345 2024 PAULus
366 1983 448 2036 lege
470 1983 613 2021 Plautia
633 1981 826 2020 Catilinam
844 1981 1045 2033 interrogat
1065 1985 1129 2022 25.

168 2050 297 2088 Persae
318 2048 466 2085 navibus
485 2048 519 2084 in
540 2046 708 2084 Africam
730 2045 922 2083 transvecti
943 2048 1008 2092 79,
1028 2050 1090 2086 80.

167 2113 292 2151 Perses
312 2126 395 2150 cum
418 2111 592 2150 Romanis
610 2109 744 2149 bellum
762 2109 876 2162 gessit
903 2112 967 2150 41.
