1451 2719
369 334 680 374 b'ALLUSTII
713 337 1016 375 CATILINA.
1184 339 1232 377 ‘223

162 449 311 485 stituere
338 461 380 484 ea
405 457 513 485 nocte
542 449 662 498 paullo
692 458 774 498 post
803 463 885 486 cum
912 448 1055 485 armatis
1082 447 1234 484 homini-

161 512 243 556 bus,
274 512 379 549 sicuti
401 512 610 556 salutatum,
638 513 783 549 introire
803 513 848 548 ad
874 512 1100 556 Ciceronem,
1129 525 1169 548 ac
1190 513 1233 550 dc

161 575 352 626 improviso
372 576 469 612 domi
489 591 574 614 suae
594 577 808 626 imparatum
828 575 1035 613 confodere.
1089 576 1234 620 Curius,

156 640 222 677 ubi
242 639 421 691 intellegit
451 650 626 690 quantum
663 640 813 689 periculi
844 640 983 677 consuli
1017 640 1234 689 impendeat,

159 717 312 753 propere
327 718 392 753 per
408 703 568 741 Fulviam
589 704 726 747 dolum,
743 704 803 753 qui
823 705 1030 753 parabatur,
1053 705 1233 741 enunciat.

159 767 223 804 -Ita
240 767 304 811 illi,
328 769 436 819 janua
466 768 653 818 prohibiti,
682 778 824 805 tantum
851 768 988 805 facinus
1009 767 1141 805 frustra
1161 782 1237 805 sus-

159 841 343 882 ceperant.
404 833 546 870 Interea
568 831 727 870 Manlius
746 832 780 868 in
811 832 959 869 Etruria
978 832 1238 882 plebem-eolli-

160 895 286 940 citare,
315 906 478 947 egestate
508 896 624 940 simul,
652 910 694 934 ac
718 896 843 933 dolore
871 897 1032 948 injuriae,
1066 911 1236 934 novarum

158 973 279 997 rerum
315 961 497 1010 cupidam,
545 962 645 1011 quod
691 960 812 998 Sullae
850 961 1093 998 dominatione
1130 974 1237 1012 agros

157 1025 331 1075 bonaque
352 1026 478 1071 *omnia
505 1025 697 1069 amiserat;
727 1034 910 1074 praeterea
942 1025 1100 1062 latrones
1120 1027 1239 1076 cujus-

158 1104 229 1139 que
263 1089 419 1141 generis,
459 1103 612 1138 quorum
649 1089 683 1125 in
716 1103 757 1126 ea
791 1089 937 1140 regione
970 1103 1101 1140 magna
1132 1089 1239 1138 copia

157 1163 264 1199 crat3
294 1152 484 1190 nonnullos
505 1168 549 1190 ex
583 1152 738 1190 Sullanis
764 1152 914 1196 colonis,
946 1153 1078 1203 quibus
1111 1153 1238 1190 lubido

156 1227 267 1269 atque
294 1217 437 1255 luxuria
463 1231 509 1255 ex
538 1217 678 1268 magnis
702 1217 832 1267 rapinis
867 1217 954 1254 nihil
987 1217 1114 1267 reliqui
1145 1217 1241 1255 fece—

158 1292 253 1323 rant.

213 1413 372 1452 XXIX.
404 1414 467 1452 EA
489 1427 571 1450 cum
602 1411 771 1451 Ciceroni
796 1412 1062 1456 nunciarentur,
1091 1411 1240 1462 ancipiti

165 1478 259 1515 malo
287 1488 487 1528 permotus,
516 1478 616 1527 quod
646 1491 762 1527 neque
791 1479 916 1514 urbem
944 1478 988 1514 ab
1009 1477 1141 1514 insidiis
1169 1477 1242 1527 pri—

159 1550 244 1578 vato
264 1541 413 1578 consilio
439 1540 583 1592 longius
611 1541 706 1579 tueri
734 1550 892 1590 poterat,
922 1555 1036 1590 neque
1055 1540 1236 1578 exercitus

163 1605 293 1643 Manlii
313 1614 483 1655 quantus,
516 1614 579 1642 aut
607 1619 681 1655 quo
709 1605 857 1642 consilio
886 1605 995 1650 foret,
1026 1606 1112 1642 satis
1142 1619 1242 1643 com-

158 1678 302 1719 pertum
322 1669 494 1713 habebat,
523 1683 598 1706 rem
626 1670 672 1706 ad
701 1679 867 1707 senatum
893 1669 1017 1714 refert,
1041 1672 1114 1721 jam
1134 1678 1239 1707 antea

159 1733 258 1785 volgi
286 1733 492 1772 rumoribus
523 1733 761 1784 exagitatam.
850 1733 995 1783 Itaque,
1035 1734 1134 1783 quod
1165 1734 1242 1783 plc-

159 1812 310 1848 rumque
339 1798 373 1834 in
407 1798 523 1835 atroci
556 1797 706 1850 negotio
740 1797 846 1841 solet,
885 1806 1028 1835 senatus
1066 1798 1241 1844 decrevit,

160 1875 330 1912 DAREyT
353 1875 525 1901 OPERAM
552 1875 784 1906 coxsuxAEs,
808 1875 857 1899 NE
883 1876 988 1906 Qum
1011 1876 1240 1901 RESPUBLl—

163 1941 213 1967 CA
236 1942 508 1967 οετκιΜεΝτι
535 1941 742 1966 CAPERET.
802 1928 859 1964 Ea
874 1936 1038 1977 potestas
1058 1942 1123 1977 per
1142 1941 1243 1965 sena-

159 2003 252 2038 tum,
291 2007 389 2030 more
422 1993 604 2036 Romano,
643 1992 871 2044 magistratui
899 2005 1066 2029 maxuma
1094 1992 1243 2042 permit·

159 2058 277 2104 titul-3
321 2058 521 2095 exercitum
557 2071 696 2107 parare,
733 2056 869 2094 bellum
900 2070 1038 2108 gerere,
1073 2059 1241 2095 coercere

159 2123 326 2160 omnibus
355 2123 471 2160 modis
500 2123 616 2160 socios
645 2132 755 2172 atque
783 2121 903 2168 civis;
947 2122 1045 2159 domi
1078 2123 1244 2161 militiae-

156 2199 230 2241 que
267 2187 455 2238 imperium
493 2196 602 2238 atquc
643 2186 819 2238 judicium
858 2200 1036 2226 summum
1074 2187 1236 2225 habero:
