1451 2719
339 297 654 337 SALLUSTII
684 298 1022 338 JUGURTHA.
1165 298 1218 338 -79

145 405 272 453 babet,
299 410 345 445 ab
364 410 567 453 occidente,
596 409 728 447 sretum
748 411 860 447 nostri
881 410 985 447 maris
1004 416 1041 445 et
1061 408 1185 444 oceani
1202 423 1215 453 ;

147 472 194 508 ab
226 481 310 509 ortu
343 471 440 515 solis,
474 472 646 510 declivem
681 473 921 517 latitudinem,
954 485 1062 522 quem
1094 471 1213 507 locum

146 535 421 573 Catabathmon
442 536 578 572 incolae
598 537 793 586 adpellant.
850 536 956 574 Mare
976 548 1133 578 saevum,
1153 534 1218 570 im-

145 607 361 648 portuosum
379 614 388 636 :
410 613 496 650 ager
511 599 656 651 frugum
673 600 814 645 fertilis,
825 601 944 637 bonus
960 599 1096 649 pecori,
1111 599 1217 635 arbo-

146 662 177 698 ri
192 661 422 700 infecundus:
451 662 568 707 coelo,
584 673 690 707 terra,
706 664 854 713 penuria
869 677 1056 713 aquarum.
1088 662 1216 700 Genus

145 725 332 763 hominum
361 726 493 763 salubri
523 741 688 777 corpore,
719 727 835 771 velox,
865 727 1004 777 patiens
1023 726 1214 763 laborum:

146 792 338 843 plerosque
354 803 518 830 senectus
533 793 709 837 dissolvit,
721 793 785 830 nisi
802 794 863 843 qui
878 793 987 837 ferro,
1002 802 1065 829 aut
1079 793 1217 836 bestiis,

145 856 310 894 interiere
328 872 337 894 :
368 871 447 893 nam
469 858 614 899 morbus
634 857 732 894 haud
751 871 855 907 saepe
875 871 1091 907 quemquam
1112 871 1219 907 supe-

148 929 215 957 rat.
250 921 319 957 Ad
339 921 408 958 hoc
424 920 576 957 malefici
591 921 731 971 generis
750 921 905 971 plurima
919 921 1093 959 animalia.
1131 921 1218 964 Sed,

145 984 208 1033 qui
225 984 392 1021 mortales
406 984 508 1021 initio
528 983 700 1021 Africam
714 984 919 1029 habuerint,
935 985 1070 1035 quique
1090 994 1217 1035 postea

144 1048 372 1090 accesserint,
405 1056 468 1083 aut
499 1048 683 1096 quomodo
716 1047 809 1085 inter
841 1063 877 1086 se
910 1049 1081 1098 permixti
1115 1049 1185 1086 sint
1203 1064 1212 1086 :

145 1123 364 1160 quamquam
392 1111 437 1146 ab
457 1123 498 1146 ea
516 1109 625 1154 fama,
654 1124 746 1160 quae
773 1111 965 1161 plerosque
985 1112 1142 1156 obtinet,
1162 1113 1216 1149 di-

144 1187 285 1211 versum
312 1182 393 1218 est3
422 1182 556 1217 tamen,
585 1173 638 1210 uti
658 1187 702 1210 ex
722 1173 822 1212 libris
852 1175 1012 1219 Punicis,
1042 1175 1103 1225 qui
1122 1176 1218 1226 regis

145 1237 370 1288 Hiempsalis
390 1237 617 1281 dicebantur,
637 1237 916 1288 interpretatum
936 1239 1039 1275 nobis
1058 1248 1127 1282 est,
1148 1240 1219 1275 uti-

145 1315 217 1352 que
232 1315 306 1339 rem
321 1315 395 1338 sese
410 1301 542 1338 habere
553 1300 716 1338 cultores
730 1304 807 1353 ejus
816 1311 931 1339 terrae
946 1312 1092 1353 putant,
1108 1317 1214 1353 quam

145 1365 382 1416 paucissumis
414 1365 545 1402 dicam.
603 1364 777 1402 Ceterum
809 1366 898 1404 fides
917 1369 992 1418 ejus
1025 1368 1074 1404 rei
1106 1381 1216 1416 penes

145 1438 312 1470 auctores
337 1429 417 1466 erit.

199 1557 364 1595 XVIII.
394 1556 601 1596 ArnicAm
624 1558 726 1596 initio
741 1559 899 1596 habuere
921 1559 1072 1598 Gaetuli
1091 1569 1128 1597 et
1150 1560 1217 1598 Li.

144 1621 250 1672 byes,
269 1621 398 1672 asperi,
417 1621 570 1667 inculti;
591 1625 673 1672 quis
692 1623 795 1660 cibus
814 1632 891 1660 erat
911 1637 994 1660 caro
1014 1623 1142 1668 ferina,
1162 1634 1218 1661 at-

145 1699 217 1736 que
231 1686 332 1723 humi
351 1685 539 1736 pabulum,
559 1687 613 1724 uti
632 1687 838 1736 pecoribus.
896 1686 954 1724 Hi
974 1702 1089 1737 neque
1109 1688 1215 1725 mori-

144 1750 228 1794 bus,
247 1763 365 1799 neque
383 1749 478 1801 lege,
498 1763 613 1799 neque
632 1750 782 1800 imperio
802 1753 1028 1802 cujusquam,
1044 1752 1218 1803 regeban-

144 1821 232 1854 tur:
261 1813 358 1864 vagi,
388 1813 563 1863 palantes,
592 1827 664 1863 qua
683 1828 755 1851 nox
776 1816 962 1865 coegerat,
986 1815 1086 1857 sedes
1105 1815 1219 1861 habe.

143 1878 246 1917 bant.
305 1878 391 1922 Sed,
411 1888 605 1928 postquam
623 1878 658 1914 in
680 1878 861 1928 Hispania
881 1878 1078 1923 Hercules,
1107 1879 1214 1917 sicuti

145 1941 237 1980 Afri
256 1951 402 1993 putant,
429 1941 578 1986 interiit,
606 1942 786 1980 exercitus
804 1945 893 1994 ejus,
925 1943 1150 1993 compositus
1168 1957 1213 1982 ex

143 2007 248 2048 variis
266 2007 450 2059 gentibus,
478 2006 607 2043 amisso
626 2007 733 2051 duce,
761 2020 802 2044 ac
831 2006 963 2056 passim
982 2006 1118 2051 multis,
1147 2007 1213 2044 sibi

145 2073 298 2122 quique,
326 2070 515 2121 imperium
539 2070 762 2125 petentibus,
790 2071 889 2108 brevi
908 2070 1093 2112 dilabitur.
1152 2072 1213 2112 Ex

144 2148 190 2186 eo
203 2149 350 2174 numero
371 2135 489 2180 Medi,
510 2135 638 2174 Persae
652 2143 690 2172 et
704 2135 874 2181 Armeni,
889 2123 1036 2173 navibus
1052 2136 1085 2172 in
1107 2135 1214 2176 Afri,
