1451 2719
349 331 665 372 SALLUSTII
697 334 1003 374 CATILINA.
1173 335 1226 375 131

140 444 320 490 fortunas,
343 445 505 496 pericula
525 446 606 483 vilia
625 446 757 485 habere
775 463 785 492 ;
815 456 913 498 post,
942 447 1004 484 ubi
1024 460 1148 484 eorum
1169 448 1223 486 fa-

144 525 239 550 mam
259 521 371 562 atque
400 512 578 562 pudorem
598 513 800 556 attriverat,
831 515 964 564 majora
984 512 1052 549 alia
1070 513 1224 564 impera-

142 578 206 614 bat
222 592 233 614 :
263 577 292 614 si
311 590 437 613 caussa
467 577 643 626 peccandi
663 577 697 613 in
728 590 894 626 praesens
915 577 1032 614 minus
1051 587 1225 628 suppete-

142 643 222 687 bat,
237 641 350 679 nihilo
365 642 482 679 minus
496 642 669 686 insontes,
683 641 789 678 sicuti
804 649 938 685 sontes,
951 641 1223 686 circumvenire,

134 706 333 759 Jugularc:
364 705 517 749 scilicet,
546 720 590 742 ne
609 719 675 756 per
693 706 810 742 otium
829 714 1077 755 torpescerent
1098 720 1225 743 manus

141 767 206 808 au't
222 770 377 815 animus,
389 771 553 822 gratuito
567 769 690 820 potius
705 769 819 807 malus
835 778 947 820 atque
961 769 1117 807 crudelis
1131 779 1222 807 erat.

143 835 220 874 His
232 836 357 873 amicis
373 836 553 886 sociisque
567 834 1034 879 confisus,Catilina,simul
1050 836 1150 885 quod
1165 849 1224 872 aes

141 899 298 938 alienum
313 914 378 950 per
389 900 505 937 omnis
517 909 629 937 terras
643 899 770 951 ingens
784 908 875 945 erat,
890 907 927 936 et
941 899 1041 948 quod
1056 899 1224 949 plerique

147 963 286 1002 Sullani
306 964 451 1008 milites,
463 964 600 1015 largius
615 978 680 1001 suo
696 964 764 1007 usi,
781 964 984 1013 rapinarum
1000 973 1037 1000 et
1053 964 1224 1000 victoriae

146 1029 276 1065 veteris
308 1041 498 1072 memores,
532 1028 634 1064 civile
661 1027 798 1064 bellum
826 1028 1067 1077 exoptabant,
1099 1028 1225 1077 oppri-

145 1091 302 1129 mundae
321 1091 542 1142 reipublicae
561 1091 751 1128 consilium
770 1091 882 1141 cepit.
925 1092 968 1127 In
984 1091 1091 1127 Italia
1105 1091 1224 1127 nullus

142 1157 326 1195 exercitus
343 1171 355 1194 :
386 1156 457 1194 Cn.
481 1156 678 1206 Pompeius
709 1156 742 1192 in
774 1155 945 1192 extremis
965 1155 1068 1192 terris
1088 1155 1224 1192 bellum

142 1222 320 1273 gerebat:
350 1221 420 1271 ipsi
451 1220 681 1258 consulatum
707 1219 861 1270 petundi
881 1232 1013 1270 magna
1032 1233 1139 1269 spes:
1172 1233 1225 1256 se-

142 1295 249 1324 natus
274 1285 365 1322 nihil
394 1298 476 1322 sane
506 1285 667 1321 intentus
682 1299 691 1321 :
722 1293 824 1321 tutae
853 1283 1141 1333 tranquillaeque
1170 1292 1232 1320 res'

143 1363 268 1388 omnes
286 1365 296 1388 :
328 1349 392 1387 sed
409 1362 453 1386 ea
470 1362 618 1399 prorsus
637 1357 848 1398 opportuna
868 1348 1063 1386 Catilinae.
1097 1357 1100 1360 ”

199 1477 340 1517 XVII.
365 1478 527 1516 Icrrua
544 1477 689 1514 circiter
706 1476 888 1513 Kalendas
904 1477 1043 1520 Junias,
1066 1476 1114 1514 L.
1131 1478 1225 1516 Cac-

142 1557 221 1582 sare
241 1552 279 1581 et
299 1543 345 1581 C.
369 1542 505 1594 Figulo
524 1541 747 1585 consulibus,
774 1542 892 1590 primo
921 1541 1083 1592 singulos
1101 1542 1233 1593 adpel-·

143 1608 217 1645 lare
235 1622 244 1645 :
275 1606 413 1644 hortari
433 1606 535 1649 alios,
556 1605 644 1641 alios
659 1614 823 1642 tentare:
854 1618 942 1655 opes
958 1619 1052 1649 suas,
1072 1606 1226 1656 impara-

145 1681 221 1709 tam
241 1670 518 1721 rempublicam,
547 1681 679 1720 magna
707 1670 865 1720 praemia
883 1670 1141 1721 conjurationis
1160 1672 1225 1708 do·

145 1751 239 1774 cere.
283 1736 364 1774 Ubi
381 1735 466 1773 satis
481 1734 672 1784 explorata
687 1744 784 1778 sunt,
800 1748 893 1784 quae
913 1734 1042 1779 voluit,
1061 1735 1096 1771 in
1114 1749 1223 1772 unum

145 1802 262 1839 omnis
299 1809 493 1844 convocat,
531 1800 664 1850 quibus
702 1813 871 1836 maxuma
907 1801 1149 1845 necessitudo,
1187 1811 1224 1838 et

145 1867 343 1918 plurimum
359 1866 542 1903 audaciae.
588 1864 648 1901 Eo
665 1878 876 1908 convenere,
894 1865 1061 1902 senatorii
1077 1866 1224 1910 ordinis,

150 1932 194 1969 P.
217 1930 403 1969 Lentulus
425 1931 532 1973 Sura,
562 1929 605 1966 P.
627 1928 852 1971 Autronius,
883 1929 931 1965 L.
955 1929 1101 1966 Cassius
1122 1929 1226 1967 Lon-

146 1996 267 2048 ginu8,
297 1996 344 2034 C.
379 1995 584 2045 Cethegus,
616 1994 660 2031 P.
692 2002 729 2031 et
763 1994 907 2030 Servius
940 1994 1074 2038 Sullae,
1111 1995 1223 2032 Servii

146 2061 226 2106 filii,
275 2061 326 2099 L.
377 2059 644 2111 Vargunteius,
683 2060 733 2108 Q
780 2059 942 2103 Annius,
983 2059 1040 2096 M.
1077 2060 1224 2097 Fortius

149 2125 286 2170 Laeca,
308 2125 358 2163 L.
383 2124 520 2167 Bestia,
552 2124 603 2173 Q.
625 2122 783 2160 Cun'us:
813 2132 1011 2173 praeterea,
1032 2139 1075 2161 cx
1096 2139 1225 2174 eques-

145 2191 192 2227 tri
215 2190 354 2234 ordine,
389 2189 446 2227 M,
481 2188 632 2226 Fulvius
656 2187 840 2232 Nobilior,
874 2189 924 2225 L.
962 2189 1141 2233 Statilius,
1177 2191 1234 2227 P.»
