1497 2689
223 302 274 339 82
418 294 731 338 SALLUSTII
760 292 1103 338 JUGURTHA.

280 411 373 448 XX.
426 411 682 455 POSTQUAM,
720 413 832 462 r'egno
866 409 992 455 diviso,
1025 410 1138 462 legati
1171 407 1307 448 Africa

224 471 429 519 discessere,
444 484 481 512 et
497 475 519 512 J
522 476 682 527 ugurtha
697 484 823 512 contra
837 477 1002 513 timorem
1017 475 1122 512 animi
1142 475 1302 525 praemia

226 540 368 577 sceleris
388 539 562 589 adeptum
583 551 657 576 sese
678 538 775 576 videt
795 555 805 585 ;
838 549 978 577 certum
997 549 1109 584 ratus,
1139 539 1242 589 quod
1259 552 1306 576 ex

226 606 349 642 amicis
364 605 463 654 apud
484 603 718 642 Numantiam
733 613 934 653 acceperat,
950 604 1068 641 omnia
1091 604 1231 640 Romae
1245 617 1307 640 ve-

227 670 319 707 nalia
337 683 426 713 esse,
448 669 553 706 simul
567 678 604 705 et
619 667 759 705 illorum
782 667 1102 717 pollicitationibus
1122 678 1308 712 accensus,

229 749 322 785 quos
352 732 473 784 paullo
504 744 586 771 ante
618 733 822 769 muneribus
848 731 1067 781 expleverat,
1100 732 1135 768 in
1155 745 1309 783 regnum

229 797 453 837 Adherbalis
466 798 622 833 animum
634 796 801 833 intendit.
840 796 924 845 Ipse
936 810 1029 839 acer,
1042 795 1252 833 bellicosus:
1269 802 1308 833 at

228 863 271 907 is,
288 875 395 912 quem
408 861 571 911 petebat,
585 859 1064 909 quietus.‚imbellis,placido
1077 859 1310 911 ingenio‚op·-

228 936 408 976 portunus
427 925 586 976 injuriae,
607 933 770 960 metuens
791 924 919 974 magis,
950 937 1056 973 quam
1078 923 1307 961 metuendus.

231 991 356 1041 Igitur
383 1003 427 1026 ex
456 988 651 1038 improviso
677 987 757 1024 finis
776 990 851 1039 ejus
871 1002 953 1025 cum
977 1002 1108 1039 magna
1128 1002 1235 1025 manu
1254 988 1310 1024 in-

229 1055 333 1098 vasit,
365 1053 500 1090 multos
520 1051 681 1089 mortalis
702 1066 785 1089 cum
805 1067 937 1102 pecore
957 1062 1067 1103 atque
1087 1053 1153 1090 alia
1172 1053 1308 1104 praeda

228 1119 341 1168 capit,
362 1117 522 1154 aedificia
536 1116 709 1159 incendit,
730 1116 901 1167 pleraque
921 1117 1002 1155 loca
1021 1117 1202 1155 hostiliter
1221 1124 1305 1154 cum

229 1182 395 1232 equitatu
410 1181 552 1217 accedit
569 1195 578 1224 ;
600 1179 679 1216 dein
701 1194 783 1216 cum
799 1181 895 1217 omni
917 1182 1149 1218 multitudine
1169 1182 1204 1218 in
1225 1195 1309 1233 reg-

229 1260 315 1284 num
335 1259 439 1283 suum
459 1244 651 1287 convertit,
675 1244 907 1289 existumans,
931 1245 1055 1282 dolore
1081 1253 1306 1295 permotum,

229 1310 482 1349 Adherbalem
501 1309 645 1360 injurias
674 1322 752 1344 suas
776 1322 881 1345 manu
902 1310 1181 1353 vindicaturum,
1209 1323 1309 1346 eama

229 1390 299 1426 que
318 1388 393 1412 rem
411 1373 496 1410 belli
516 1386 676 1410 caussam
695 1371 785 1409 fore.
842 1374 903 1409 At
922 1373 994 1418 ille,
1015 1374 1115 1423 quod
1135 1384 1251 1423 neque
1267 1388 1305 1411 se

228 1453 351 1490 parem
370 1438 476 1490 armis
490 1436 746 1479 existumabat,
767 1445 804 1472 et
819 1436 976 1474 amicitia
995 1436 1123 1487 populi
1147 1437 1308 1475 Romani

230 1504 359 1555 magis,
380 1515 487 1552 quam
509 1499 693 1543 Numidis,
709 1499 824 1537 fretus
839 1510 929 1545 erat,
948 1500 1091 1552 legatos
1106 1501 1153 1538 ad
1171 1501 1313 1552 Jugur-

230 1568 333 1604 tham
353 1568 397 1604 de
416 1565 551 1617 injuriis
580 1572 748 1614 questum
776 1564 871 1601 misit
890 1579 900 1601 :
931 1565 994 1614 qui
1013 1564 1157 1602 tametsi
1176 1573 1310 1602 contu-

231 1631 378 1668 meliosa
397 1630 496 1666 dicta
515 1627 725 1671 retulerant,
754 1628 852 1677 prius
871 1638 991 1665 tamen
1010 1628 1131 1664 omnia
1149 1628 1225 1678 pati
1246 1628 1309 1665 de-

231 1696 357 1739 crevit,
386 1708 494 1745 quam
521 1692 656 1730 bellum
676 1705 827 1736 sumere,
862 1693 958 1742 quia,
986 1701 1167 1730 tentatum
1187 1701 1306 1737 antea,

231 1774 333 1799 secus
367 1767 534 1798 cesserat.
617 1757 749 1806 Neque
781 1765 900 1794 tamen
934 1749 977 1794 eo
1015 1757 1131 1808 magis
1169 1757 1307 1807 cupido

230 1827 253 1864 J
257 1825 437 1876 ugurthae
465 1822 694 1859 minuebatur
711 1836 721 1867 ;
751 1820 887 1871 quippe
907 1821 969 1871 qui
988 1824 1109 1858 totum
1129 1823 1206 1873 ejus
1225 1834 1310 1872 reg-

231 1904 317 1927 num
332 1890 450 1927 animo
461 1891 534 1940 jam
550 1887 736 1923 invaserat.
788 1886 919 1935 Itaque
935 1900 1019 1929 non,
1034 1896 1075 1923 ut
1091 1894 1208 1929 antea,
1224 1899 1308 1924 cum

229 1954 456 2005 praedatoria
476 1966 597 1993 manu,
632 1950 694 1987 sed
721 1963 855 2000 magno
883 1950 1045 1987 exercitu
1078 1958 1309 1998 comparato,

226 2014 362 2057 bellum
386 2032 509 2070 gerere
529 2016 664 2065 coepit,
691 2023 727 2050 ct
747 2007 871 2064 apert'e
890 2015 1005 2051 totius
1025 2013 1219 2052 Numidiae
1238 2014 1307 2049 im-

228 2085 368 2134 perium
387 2094 524 2135 petere.
574 2083 760 2125 Ceterum,
777 2094 848 2131 qua
862 2073 1053 2131 pergebat,
1069 2079 1180 2123 urbis,
1196 2092 1305 2130 agros
