1451 2719
355 305 669 346 SALLUSTII
700 303 1005 343 CATlLlNA.
1174 294 1223 341 15¹

153 415 329 457 Kalendis
359 418 536 455 Januariis
572 418 620 454 L.
649 418 800 456 Cottam
832 426 868 453 et
901 416 950 453 L.
987 414 1224 465 Torquatum

145 481 317 533 'consules
348 481 580 525 interficere;
610 482 691 531 ipsi,
723 481 882 518 fascibus
902 480 1092 529 correptis,
1123 480 1225 517 Piso-

153 559 235 582 nem
267 559 350 582 cum
380 545 541 582 exercitu
577 546 623 581 ad
655 545 871 582 obtinendas
904 545 992 581 duas
1027 543 1226 593 Hispanias

149 610 307 646 mittere.
366 609 423 646 Ea
453 623 489 646 re
519 609 682 660 cognita,
715 624 835 647 rursus
855 610 890 646 in
912 610 1038 647 Nonas
1067 610 1227 646 Februa-

150 674 219 711 rias
249 672 438 711 consilium
469 674 588 710 caedis
619 674 889 711 transtulerant.
947 675 1028 712 Jam
1055 683 1135 711 tum
1155 689 1226 711 non

151 737 362 774 consulibus
382 737 505 781 modo,
531 738 591 774 sed
613 737 794 787 plerisque
815 738 1054 782 senatoribus,
1074 738 1229 788 pernici-

151 815 209 838 em
224 801 534 839 machinabantur.
566 802 680 851 Quod
700 802 734 838 ni
755 802 913 839 Catilina
928 811 1141 839 maturasset
1161 817 1229 852 pro

151 866 252 903 curia
267 866 410 916 signum
426 865 531 901 sociis
547 865 644 909 dare,
659 880 703 902 eo
719 866 790 910 die,
803 875 888 915 post
903 866 1087 903 conditam
1104 867 1230 903 urbem

156 930 374 972 Romanam,
387 943 596 978 pessumum
612 929 751 967 facinus
771 940 955 980 patratum
975 930 1083 968 foret.
1133 932 1231 981 Quia

153 994 315 1030 nondum
343 992 551 1042 frequentes
571 993 698 1030 armati
726 1005 981 1038 convenerant,
1011 1009 1053 1032 ea
1072 1009 1126 1032 res
1146 1009 1234 1032 con-

155 1057 273 1097 silium
293 1057 450 1093 diremit.

209 1186 328 1224 XIX.
364 1185 533 1222 POSTEA
575 1185 661 1222 Piso
697 1185 732 1221 in
771 1185 975 1223 citeriorem
1015 1186 1235 1237 Hispaniam

153 1259 328 1301 quaestor
354 1264 422 1300 pro
442 1258 609 1299 praetore
630 1250 757 1286 missus
777 1259 846 1294 est,
875 1251 1059 1288 adnitente
1088 1252 1235 1296 Crasso,

156 1315 259 1366 quod
276 1328 360 1352 eum
378 1313 552 1350 infestum
581 1314 767 1351 inimicum
799 1315 869 1352 Cn.
893 1316 1070 1365 Pompeio
1097 1331 1237 1368 cogno-

156 1388 270 1420 verat.
347 1379 478 1428 Neque
511 1386 632 1415 tamen
670 1388 816 1416 senatus
848 1379 1070 1429 provinciam
1104 1381 1237 1418 invitus

157 1444 308 1482 dederat
325 1458 336 1481 ε
367 1445 505 1493 quippe
526 1442 676 1479 foedum
696 1443 879 1486 hominem
899 1457 919 1480 a
939 1443 1126 1494 republica
1153 1458 1239 1495 pro-

158 1507 221 1546 cul
233 1522 308 1545 esse
324 1506 469 1544 volebat
486 1521 495 1543 :
518 1506 637 1550 simul,
659 1506 745 1556 quia
759 1507 845 1543 boni
867 1521 975 1557 quam
995 1507 1116 1557 plures
1136 1523 1240 1558 prae-

161 1572 292 1610 sidium
318 1572 354 1608 in
384 1585 428 1608 eo
459 1571 668 1620 putabant:
700 1579 738 1607 et
764 1573 839 1622 jam
870 1582 949 1608 turn
979 1573 1145 1622 potentia
1165 1573 1237 1613 Cn.

161 1636 328 1686 Pompeii
358 1635 598 1672 formidolosa
616 1644 706 1672 erat.
767 1636 840 1673 Sed
860 1636 888 1672 is
910 1636 1008 1681 Piso,
1040 1638 1074 1673 in
1094 1638 1241 1687 provin-

160 1702 268 1746 ciam,
298 1701 343 1737 ab
363 1699 549 1750 equitibus
578 1699 769 1748 Hispanis,
802 1713 894 1749 quos
914 1700 948 1736 in
969 1702 1133 1738 exercitu
1152 1702 1242 1740 duc-

161 1767 280 1810 tabat,
299 1766 368 1802 iter
387 1764 534 1808 faciens,
554 1763 697 1800 occisus
716 1773 783 1800 est.
831 1765 926 1801 Sunt
946 1765 1008 1815 qui
1028 1766 1079 1802 ita
1099 1765 1242 1811 dicum,

161 1831 312 1882 imperia
330 1833 407 1882 ejus
426 1830 571 1881 injusta,
598 1829 767 1878 superba,
794 1829 966 1874 crudelia,
991 1831 1162 1868 barbaros
1182 1845 1244 1868 ne-

163 1896 318 1947 quivisse
338 1896 415 1945 pati
433 1910 442 1932 :
473 1894 532 1931 alii
551 1902 686 1937 autem,
707 1893 848 1943 equites
868 1893 961 1938 illos,
983 1894 1053 1932 Cn.
1077 1895 1242 1946 Pompeii

163 1969 301 2002 veteres
334 1959 500 2009 fidosque
538 1957 700 2001 clientes,
739 1956 926 1994 voluntate
959 1961 1034 2009 ejus
1073 1959 1242 1996 Pisonem

164 2024 354 2076 adgressos
375 2039 386 2069 3
415 2036 613 2072 numquam
643 2021 831 2070 Hispanos
861 2030 1046 2070 praeterea
1064 2022 1136 2060 tale
1156 2023 1246 2060 faci-

166 2102 234 2148 nus
252 2087 393 2134 fecisse,
413 2088 475 2126 sed
494 2085 643 2138 imperia
662 2098 765 2124 saeva
784 2085 898 2123 multa
918 2096 1022 2124 antea
1041 2102 1242 2138 perpessos
