1451 2719
339 319 654 358 SALLUsTil
684 318 989 357 CA'l'lLINA.
1155 321 1205 355 ¹15

129 430 203 469 dio
233 438 411 480 tempore,
444 430 514 468 alio
547 430 707 474 consule,
745 429 801 466 cui
834 430 920 467 item
954 431 1133 467 exercitus
1171 429 1205 466 in

132 508 272 539 manus,
299 493 429 532 falsum
448 495 585 545 aliquid
614 509 680 546 pro
699 509 782 532 vero
802 490 925 532 credi:
958 494 1019 531 ubi
1049 493 1118 530 hoc
1144 508 1208 530 ex-

132 558 269 610 emp10‚
288 573 353 609 per
367 560 479 597 senati
495 560 695 603 decretum,
715 558 839 596 consul
855 558 1015 608 gladium
1030 558 1208 602 eduxerit,

132 623 340 673 quis‘finem
361 633 511 667 statuet,
539 632 601 661 aut
622 623 701 674 quis
720 623 966 659 moderabitur
983 624 995 660 ?
1050 622 1209 673 Maiores

133 687 262 731 nostri,
283 687 410 725 Patres
430 688 640 738 conscripti,
660 701 774 737 neque
790 686 939 730 consilii,
968 701 1082 737 neque
1102 687 1208 723 auda-

133 751 211 788 ciae
229 764 401 801 umquam
421 766 552 803 cguere
571 767 580 790 ε
612 765 726 801 neque
747 751 912 801 superbia
931 751 1116 795 obstabat,
1136 765 1210 801 quo

134 815 252 853 minus
270 815 385 853 aliena
412 816 593 859 instituta,
627 815 653 852 si
682 815 791 852 modo
817 816 945 864 proba,
974 815 1207 852 imitarentur.

136 878 257 916 Arma
283 888 393 929 atque
422 880 496 917 tela
523 879 685 916 militaria
714 880 758 916 ab
791 879 1027 922 Samnitibus,
1060 879 1212 930 insignia

135 943 413 995 magistratuum
433 945 478 981 ab
507 944 642 981 Tuscis
668 943 835 993 pleraque
861 953 1089 982 sumserunt:
1130 958 1213 994 pos-

135 1017 266 1051 tremo,
286 1008 386 1058 quod
401 1009 536 1057 ubique
551 1008 649 1058 apud
667 1008 798 1050 socios,
817 1017 878 1045 aut
897 1009 1024 1051 hostis,
1045 1008 1213 1045 idoneum

135 1071 339 1116 videbatur,
367 1086 450 1109 cum
471 1086 610 1109 summo
632 1072 752 1108 studio
772 1072 869 1108 domi
889 1073 1180 1122 exsequebantur
1201 1088 1210 1109 :

134 1136 279 1180 imitari,
298 1150 406 1186 quam
426 1137 582 1174 invidere
602 1137 719 1180 bonis,
740 1136 934 1174 malebant.
995 1137 1067 1173 Sed
1087 1136 1213 1173 codem

133 1198 198 1236 illo
217 1208 396 1250 tempore,
427 1200 605 1238 Graeciae
625 1214 761 1237 morem
780 1199 924 1243 imitati,
953 1200 1160 1236 verberibus
1179 1213 1216 1238 a·

136 1263 446 1301 nimadvertebant
479 1264 514 1301 in
548 1264 649 1308 civis,
683 1265 727 1301 de
761 1264 1009 1302 condemnatis
1039 1277 1215 1301 summum

137 1329 355 1380 supplicium
375 1331 582 1367 sumebant:
637 1331 838 1379 Postquam
866 1329 1069 1380 respublica
1096 1329 1217 1367 adole-

137 1393 202 1438 vit,
229 1403 266 1431 et
285 1393 518 1431 multitudine
538 1394 669 1431 civium
688 1393 865 1432 factiones
885 1394 1038 1438 valuere,
1066 1394 1219 1431 circum-

139 1458 256 1495 venire
283 1458 506 1502 innocentes,
549 1458 615 1494 alia
647 1458 897 1510 hujuscemodi
931 1459 1006 1496 fieri
1040 1473 1218 1508 coepere;

138 1532 218 1559 tum
237 1521 295 1560 lex
317 1523 447 1560 Porcia
464 1523 624 1572 aliaeque
645 1531 804 1572 paratae,
833 1523 963 1572 quibus
983 1523 1125 1574 legibus
1144 1524 1220 1560 exi-

138 1586 227 1623 lium
247 1586 422 1624 damnatis
443 1586 666 1636 permissum.
726 1586 838 1624 Hanc
855 1601 925 1638 ego
945 1601 1120 1631 caussam,
1149 1588 1221 1625 Pa-

140 1660 213 1688 tres
232 1651 444 1700 conscripti,
476 1665 549 1700 quo
580 1650 696 1687 minus
715 1664 848 1687 novum
882 1651 1068 1688 consilium
1101 1652 1220 1702 capia-

139 1728 233 1758 mus,
242 1714 278 1751 in
289 1715 412 1764 primis
422 1728 589 1766 magnam
596 1723 702 1764 puto,
724 1714 900 1753 Profecto
908 1715 1034 1759 virtus,
1047 1725 1156 1765 atque
1167 1730 1221 1752 sa-

141 1777 275 1828 pientia
290 1781 402 1830 maj0r
416 1779 450 1815 in
466 1778 534 1816 illis
551 1777 635 1822 fuit,
654 1778 716 1828 qui
731 1792 775 1815 cx
796 1779 912 1828 parvis
927 1779 1058 1829 opibus
1076 1788 1220 1816 tantum

141 1842 330 1892 imperium
357 1841 489 1886 fecere,
519 1856 628 1892 quam
646 1841 680 1878 in
702 1842 820 1887 nobis,
848 1842 909 1893 qui
929 1857 970 1880 ea
997 1844 1088 1880 bene
1117 1853 1218 1894 parta

141 1906 200 1953 vix
221 1907 427 1944 retinemus.
489 1906 611 1944 Placet
635 1907 760 1958 igitur,
783 1922 843 1945 eus
865 1908 1012 1953 dimitti,
1040 1918 1077 1946 et
1097 1908 1220 1960 augeri

141 1970 340 2008 exercitum
378 1971 555 2009 Catilinae
577 1972 590 2008 ?
635 1971 792 2009 minume
815 1987 823 2009 :
873 1973 936 2010 scd
973 1973 1022 2010 ita
1059 1987 1190 2010 censeo
1210 1989 1219 2018 ;

142 2034 378 2085 publicandas
397 2050 522 2074 eorum
543 2035 727 2086 pecunias,
746 2036 843 2086 ipsos
863 2037 897 2073 in
919 2037 1067 2074 vinculis
1087 2038 1222 2074 haben-

143 2099 210 2136 dos
228 2114 294 2150 per
311 2099 517 2150 municipia,
539 2113 630 2150 quae
649 2114 815 2137 maxume
830 2101 960 2151 opibus
980 2101 1122 2146 vaieut3
1152 2115 1220 2143 neu

143 2163 224 2212 quis
241 2164 287 2202 de
315 2166 346 2202 is
373 2173 501 2215 postea
519 2164 565 2201 ad
584 2172 747 2202 senatum
766 2163 911 2208 referat,
940 2180 1025 2203 neve
1046 2179 1127 2203 cum
1157 2179 1221 2214 1:02-
