1451 2719
322 333 635 373 SALLUSTII
664 332 1003 373 JUGURTHA.
1122 336 1194 374 157

122 460 194 498 que
227 446 482 483 tantummodo
521 446 689 490 sauciare,
727 447 808 483 dein
848 458 954 494 super
991 443 1195 480 occisorum

121 524 276 561 corpora
294 510 438 554 vadere;
460 510 552 546 avidi
573 510 722 562 gloriae,
741 519 918 548 certantes
936 522 1075 545 murum
1096 517 1199 557 pete-

123 589 190 619 re;
219 588 334 624 neque
354 588 572 623 quemquam
593 575 752 611 omnium
781 573 911 624 praeda
935 573 1074 608 morari.
1135 572 1196 609 Sic

122 638 220 676 forte
240 648 417 682 correcta,
448 639 555 676 Marii
575 639 756 676 temeritas
784 637 937 689 gloriam
954 651 998 673 ex
1019 635 1126 686 culpa
1146 635 1199 672 in-

127 713 240 740 vemt.

178 829 305 867 XCV.
337 830 567 873 Cim-taum,
595 830 682 866 dum
701 843 743 866 ea
763 843 817 866 res
837 828 988 879 geritur,
1010 827 1059 864 L.
1084 827 1198 871 Sulla,

125 904 310 944 quaestor,
329 908 413 930 cum
435 908 567 944 magno
587 894 754 943 equitatu
774 893 807 929 in
829 901 947 929 castra
965 892 1087 937 veuit;
1107 906 1199 942 quos

120 958 173 994 uti
189 971 234 995 ex
257 957 370 994 Latio
385 967 421 994 et
439 971 458 994 a
474 958 580 994 sociis
599 966 763 1008 cogeret,
789 957 926 994 Romae
942 956 1090 993 relictus
1109 967 1197 994 erat.

125 1022 213 1066 Sed,
234 1022 402 1072 quoniam
424 1021 513 1058 tanti
531 1022 592 1057 vim'
609 1036 662 1057 res
678 1021 879 1064 admonuit,
901 1020 1067 1057 idoneum
1087 1021 1199 1057 visum

123 1096 179 1124 est
196 1087 239 1123 de
256 1095 382 1122 natura
397 1086 571 1135 cultuque
586 1089 662 1136 ejus
677 1086 801 1135 paucis
817 1085 953 1122 dicere:
975 1100 1091 1135 neque
1103 1086 1197 1122 enim

125 1149 196 1186 alio
209 1149 292 1186 loco
305 1150 349 1186 de
364 1149 484 1186 Sullae
497 1149 603 1186 rebus
615 1149 747 1186 dicturi
759 1163 898 1194 sumus3
919 1158 956 1187 et
970 1149 1020 1186 L.
1040 1150 1200 1194 Sisenna,

121 1223 276 1264 optume
291 1222 328 1250 et
345 1212 630 1264 diligentissume
645 1213 818 1257 omnium,
834 1213 896 1263 qui
915 1227 973 1251 eas
992 1228 1047 1251 res
1066 1215 1202 1259 dixere,

126 1287 354 1328 persecutus,
384 1291 511 1328 parum
539 1277 626 1314 mihi
655 1277 769 1314 libero
794 1292 855 1315 ore
880 1278 1026 1315 locutus
1045 1279 1200 1317 videtur.

122 1343 247 1394 Igitur
281 1341 381 1380 Sulla
401 1342 521 1393 gentis
541 1341 727 1391 patriciae,
757 1341 891 1378 familia
909 1356 1024 1392 prope
1047 1346 1121 1394 jam
1140 1358 1203 1381 ex-

131 1406 263 1444 stincta
282 1409 456 1457 majorum
471 1406 625 1456 ignavia,
644 1405 774 1442 litteris
796 1406 949 1444 Graecis
966 1417 1076 1456 atque
1096 1407 1205 1445 Lati-

124 1471 181 1509 nis
196 1473 304 1522 juxta
323 1480 433 1520 atque
453 1469 672 1507 doctissume
700 1470 878 1514 eruditus,
907 1471 1024 1507 animo
1052 1471 1203 1522 ingenti,

129 1535 284 1585 cupidus
305 1533 548 1584 voluptatum,
568 1533 630 1570 sed
649 1533 785 1585 gloriae
805 1534 996 1583 cupidior:
1027 1536 1105 1571 otio
1125 1535 1205 1572 lux-

130 1599 252 1636 urioso
270 1614 280 1643 ;
308 1607 427 1635 tamen
447 1598 492 1634 ab
513 1597 668 1648 negotiis
689 1611 882 1647 numquam
904 1598 1070 1647 voluptas
1089 1613 1205 1636 remo-

128 1672 220 1707 rata,
249 1662 315 1699 nisi
344 1662 442 1713 quod
470 1662 514 1698 de
543 1675 656 1698 uxore
685 1662 808 1710 potuit
829 1662 1014 1699 honestius
1033 1663 1200 1702 consuli:

128 1727 320 1771 facundus,
349 1726 512 1770 callidus,
539 1735 575 1763 et
596 1725 752 1763 amicitia
771 1725 885 1762 facilis
903 1741 912 1762 :
943 1727 987 1763 ad
1008 1727 1205 1765 simulanda

129 1793 277 1844 negotia
307 1792 463 1829 altitudo
492 1790 625 1841 ingenii
654 1789 898 1827 incredibilis:
930 1790 1123 1828 multarum
1153 1807 1207 1830 re-

129 1871 223 1901 rum,
243 1870 285 1893 ac
307 1869 471 1893 maxume
493 1854 679 1904 pecuniae,
702 1853 865 1904 largitor.
910 1854 1056 1906 Atque,
1076 1855 1207 1894 felicis-

131 1935 233 1959 sumo
252 1921 412 1958 omnium
441 1929 523 1956 ante
544 1918 682 1956 civilem
703 1918 904 1963 victoriam,
934 1933 1128 1971 numquam
1149 1936 1208 1959 su-

129 1999 195 2035 per
221 1985 435 2022 industriam
464 1983 610 2020 fortuna
637 1981 736 2026 fuit;
770 1982 948 2034 multique
982 1983 1205 2031 dubitavere,

126 2048 271 2093 fortior,
290 2063 333 2086 an
354 2047 506 2091 felicior,
533 2056 651 2084 esset:
683 2060 777 2090 nam,
806 2056 933 2096 postea
954 2062 1044 2097 quae
1064 2049 1204 2097 fecerit,

127 2113 307 2152 incertum
324 2114 456 2157 habeo,
475 2112 612 2163 pudeat
633 2111 760 2162 magiS,
780 2125 824 2148 an
846 2112 984 2165 pigeat,
1004 2114 1185 2154 disserere.
