1451 2719
351 313 664 355 SALLUSTII
695 313 1034 354 JUGURTHA.
1173 314 1223 352 67

148 427 214 466 Ac
230 439 326 471 sane,
346 427 446 476 quod
459 425 724 464 difficillumum
744 427 778 462 in
799 426 921 476 primis
935 434 1004 468 est,
1023 432 1060 462 et
1081 423 1219 472 proelio

147 499 314 528 strenuus
332 501 422 534 erat,
442 501 480 528 et
499 492 616 528 bonus
631 490 781 528 consilio
797 506 805 527 :
837 502 993 539 quorum
1007 487 1159 524 alterum
1175 501 1218 524 ex

146 555 372 606 providentia
388 556 567 599 timorem,
587 555 738 592 alterum
754 569 798 591 ex
814 554 963 591 audacia
981 553 1221 590 temeritatem

147 619 288 659 adferre
318 619 531 669 plerumque
565 619 668 656 solet.
730 619 852 670 Igitur
881 619 1077 668 imperator
1106 617 1222 653 omnis

147 683 224 722 fere
243 697 298 721 res
317 697 459 734 asperas
483 698 547 733 per
566 685 587 721 J
592 684 788 734 ugurtham
809 697 929 733 agere,
960 683 996 719 in
1017 682 1140 719 amicis
1160 682 1224 718 ha-

147 749 247 793 bere,
269 749 384 800 magis
404 749 591 800 magisque
607 750 641 786 in
657 749 731 786 dies
752 750 948 799 amplecti;
970 749 1107 798 quippe
1122 749 1224 798 cujus

149 827 267 864 neque
287 813 492 857 consilium,
514 828 630 863 neque
649 814 835 864 inceptum
852 814 965 851 ullum
980 813 1114 850 frustra
1133 822 1222 849 erat.

150 878 244 921 Huc
265 879 463 916 accedebat
483 879 726 915 munificentia
746 879 866 922 animi,
892 888 929 915 et
949 878 1082 929 ingenii
1103 877 1227 914 soller-

151 943 216 987 tia,
249 946 333 994 quis
363 943 469 980 rebus
501 942 567 979 sibi
586 942 722 979 multos
741 957 785 980 ex
810 942 985 981 Romanis
1005 941 1169 979 familiari
1189 955 1226 978 a·

152 1007 288 1045 micitia
309 1009 556 1058 conjunxerat.

206 1135 329 1173 VIII.
361 1135 424 1176 EA
460 1143 678 1184 tempestate
713 1135 746 1171 in
779 1137 943 1174 exercitu
977 1145 1101 1173 nostro
1127 1135 1227 1172 fuere

153 1198 374 1249 complures,
397 1199 480 1236 novi
506 1208 617 1248 atque
636 1199 786 1243 nobiles,
817 1201 948 1250 quibus
968 1201 1111 1237 divitiae
1131 1202 1229 1239 bono

153 1264 382 1312 honestoque
396 1263 557 1313 potiores
571 1272 686 1307 erant,
701 1263 859 1308 factiosi,
879 1265 977 1301 domi
992 1274 1175 1314 potentes,
1195 1278 1233 1301 a·

154 1328 233 1379 pud
261 1327 380 1369 socios
411 1327 497 1364 clari
521 1328 649 1378 magis,
682 1343 791 1378 quam
811 1329 980 1367 honesti:
1013 1330 1075 1380 qui
1094 1331 1233 1380 Jugur-

154 1392 240 1429 thae
273 1405 344 1428 non
365 1392 583 1428 mediocrem
602 1392 760 1429 animum
790 1393 1028 1443 pollicitando
1059 1394 1234 1431 accende-

155 1457 259 1501 bant,
289 1456 316 1492 si
333 1455 492 1505 Micipsa
507 1469 568 1492 rex
584 1456 791 1501 occidisset,
807 1456 898 1502 fore,
915 1458 969 1494 uti
985 1458 1081 1494 solus
1094 1458 1233 1508 imperii

157 1520 353 1559 Numidiae
381 1520 589 1569 potiretur:
632 1521 667 1556 in
696 1521 776 1570 ipso
810 1535 1014 1558 maxumam
1048 1523 1233 1567 virtutem,

160 1586 302 1623 Rornae
314 1584 434 1622 omnia
446 1583 580 1621 venalia
591 1598 678 1621 esse.
712 1586 799 1629 Sed,
810 1594 1021 1636 postquam,
1036 1588 1236 1624 Numantia

157 1649 290 1693 deleta,
302 1650 345 1686 P.
362 1648 488 1698 Scipio
500 1648 682 1686 dimittere
694 1649 840 1693 auxilia,
853 1650 931 1700 ipse
942 1651 1075 1688 revorti
1087 1651 1236 1688 domum

158 1713 318 1751 decrevit
340 1728 351 1758 ;
385 1713 561 1749 donatum
588 1722 699 1763 atque
732 1713 919 1751 laudatum
948 1715 1141 1766 magnifice
1169 1732 1237 1768 pro

157 1777 348 1820 concione,
378 1776 602 1826 Jugurtham
622 1777 656 1812 in
683 1778 906 1826 praetorium
925 1779 1093 1824 abduxit,
1113 1781 1237 1831 ibique

159 1850 300 1880 secreto
319 1840 475 1884 monuit,
504 1841 558 1877 uti
578 1841 701 1890 potius
720 1841 880 1891 publice,
908 1857 1017 1892 quam
1053 1845 1237 1894 privatim,

161 1905 357 1944 amicitiam
378 1904 506 1955 populi
530 1905 579 1942 R.
601 1905 751 1949 coleret,
793 1920 862 1943 neu
882 1907 1015 1956 quibus
1044 1908 1167 1961 largiri
1187 1911 1241 1948 iu-

160 1978 345 2012 suesceret
363 1985 373 2014 3
402 1969 605 2019 periculose
625 1983 644 2006 a
664 1970 788 2019 paucis
808 1971 891 2015 emi,
921 1972 1021 2021 quod
1040 1973 1239 2012 multorum

161 2043 283 2073 esset:
314 2034 342 2071 si
373 2047 581 2084 permanere
600 2033 707 2071 vellet
731 2034 765 2070 in
787 2035 858 2072 suis
878 2036 1031 2081 artibus,
1062 2037 1158 2075 ultro
1190 2039 1255 2080 illi,

161 2108 201 2145 et
231 2099 399 2151 gloriam,
428 2109 466 2136 et
496 2112 648 2150 regnum
668 2107 887 2145 venturum3
917 2100 969 2137 sin
989 2104 1241 2151 properantius

163 2159 347 2216 pergeret,
360 2173 499 2202 suamet
514 2163 632 2213 ipsum
644 2163 799 2213 pecunia
810 2164 1048 2215 praecipitem
1061 2179 1239 2217 casurum,

670 2227 744 2264 12
