1497 2689
163 293 219 332 92
369 288 684 329 SA'LLUSTII
712 287 1016 328 CATILINA.

161 402 366 440 consulibus
386 403 421 439 in
441 416 569 452 campo
589 401 738 446 fecerat,
763 415 933 451 prospere
953 413 1089 437 cessere
1106 415 1117 445 3
1146 400 1236 436 cona

161 467 280 504 stituit
311 467 445 504 bellum
479 466 610 511 facere,
648 476 685 503 et
718 475 877 503 extrema
915 465 1033 502 omnia
1064 465 1235 514 experiri,

161 532 330 581 quoniam
363 545 454 582 quae
487 530 631 568 occulte
663 539 863 568 tentaverat
896 544 1021 580 aspera
1053 529 1234 579 foedaque

160 605 366 635 evenerant.¹

216 725 397 763 XXVII.
430 726 591 763 IchuR
614 726 660 763 C.
682 723 863 762 Manlium
883 723 1052 760 Faesulas
1071 731 1181 773 atque
1200 723 1240 759 in

161 803 239 826 cam
277 799 417 840 partem
451 790 634 833 Etruriae,
674 788 891 839 Septimium
924 787 1128 837 quemdam,
1166 787 1237 824 Ca-

162 863 325 899 mertem,
354 856 390 892 in
412 867 541 905 agrum
561 853 748 896 Picenum,
777 852 823 889 C.
844 850 979 888 Julium
999 851 1033 887 in
1055 850 1245 900 Apuliam'

161 919 322 964 dimisit3
351 927 535 968 praeterea
563 917 670 954 alium
694 916 777 964 alio,
806 929 913 965 quem
941 915 1076 965 ubique
1104 929 1241 965 oppor-

161 991 290 1018 tunum
310 983 495 1019 credebat.
554 982 698 1018 Interea
730 981 870 1017 Romae
900 979 1013 1016 multa
1040 978 1144 1016 simul
1162 983 1249 1016 mo?

160 1048 240 1085 liri:
283 1047 421 1084 consuli
448 1046 591 1084 insidias
618 1047 778 1090 tendere,
810 1059 933 1095 parare
966 1045 1143 1090 incendia,
1174 1059 1241 1095 op-

162 1122 319 1161 portuna
348 1112 429 1148 loca
453 1111 597 1148 armatis
617 1110 820 1148 hominibus
840 1109 1004 1146 obsidere
1022 1124 1031 1147 :
1062 1109 1138 1158 ipse
1157 1114 1240 1146 c’um

162 1175 237 1213 telo
257 1189 346 1219 esse,
375 1175 461 1212 item
480 1174 568 1212 alios
591 1175 716 1226 jubere
740 1190 749 1211 :
779 1174 929 1217 hortari,
958 1174 1011 1211 uti
1031 1187 1171 1223 semper
1189 1174 1242 1210 in-

161 1241 255 1278 tenti
282 1241 470 1292 paratique
489 1248 607 1277 essent
626 1255 634 1277 :
666 1239 740 1276 dies
761 1248 958 1288 noctesque
979 1238 1161 1282 festinare,
1190 1238 1241 1275 vi-

162 1306 289 1357 gilare,
317 1308 433 1354 neque
452 1304 634 1341 insomniis
655 1317 771 1353 neque
791 1303 914 1340 labore
934 1302 1092 1354 fatigari.
1133 1303 1243 1340 Post-

163 1384 274 1413 remo,
304 1370 367 1407 ubi
388 1369 502 1407 multa
530 1368 683 1419 agitanti
712 1367 799 1404 nihil
826 1368 1008 1417 procedit,
1038 1382 1158 1405 rursus
1190 1369 1243 1404 in„

163 1444 343 1484 tempesta
361 1443 469 1470 nocte
490 1432 744 1484 conjurationis
774 1432 952 1482 principes
978 1442 1156 1469 convocat
1177 1446 1242 1482 per

165 1499 223 1536 M.
260 1498 432 1536 Porcium
470 1497 655 1534 Laecam:
696 1496 832 1545 ibique,
871 1495 985 1533 multa
1019 1496 1063 1533 de
1101 1496 1244 1547 ignavia

163 1577 288 1600 eorum
316 1572 480 1612 questus,
509 1561 633 1604 docet,
671 1573 706 1597 se
736 1560 916 1597 Manlium
946 1560 1167 1609 praemisisse
1197 1561 1243 1597 ad

164 1641 243 1665 eam
268 1625 550 1669 multitudinem,
580 1631 687 1674 quam
707 1625 754 1660 ad
773 1625 951 1673 capiunda
973 1639 1070 1661 arma
1098 1638 1246 1674 parave-

165 1701 249 1738 ταῖς
277 1692 364 1728 item
392 1690 479 1727 alios
506 1691 541 1726 in
570 1690 636 1726 alia
664 1689 745 1726 loca
764 1698 985 1738 opportuna,
1015 1689 1078 1739 qui
1104 1690 1243 1727 initium

164 1757 251 1796 belli
270 1757 455 1799 facerent3
485 1769 592 1805 seque
613 1755 658 1791 ad
677 1753 876 1791 exercitum
896 1754 1077 1804 proficisci
1095 1768 1244 1804 cupere,

165 1823 194 1859 si
222 1822 319 1872 prius
349 1821 564 1858 Ciceronem
591 1818 823 1868 oppressisset
848 1833 857 1855 ε
888 1832 970 1855 eum
999 1819 1068 1856 suis
1088 1818 1243 1856 consiliis

166 1887 321 1925 multum
340 1886 510 1923 obficere.

221 2013 427 2052 XXVIII.
478 2014 655 2057 Imma,
683 2013 881 2062 perterritis
914 2025 956 2049 ac
990 2012 1244 2050 dubitantibus

168 2079 309 2122 ceteris,
329 2079 375 2116 C.
398 2077 602 2121 Cornelius,
622 2091 731 2128 eques
754 2077 954 2122 Romanus,
978 2090 1125 2127 operam
1144 2086 1258 2114 suam'

171 2143 364 2190 pollicitus,
385 2150 421 2180 et
442 2155 525 2179 cum
544 2157 587 2179 eo
609 2141 660 2180 L.
681 2142 945 2193 Varguntei11S‚
973 2151 1129 2186 senator,
1157 2146 1259 2180 con?
