1497 2689
197 294 270 330 136
383 289 696 329 SALLUSTII
725 291 1065 332 JUGURTHA.

197 402 328 439 nistros
346 402 470 438 tutari.
529 403 668 440 Contra
687 403 776 441 haec
796 405 969 454 oppidani
989 405 1169 450 festinare,
1198 419 1262 455 pa-

197 480 296 504 rare:
327 480 472 516 prorsus
491 467 536 503 ab
558 467 718 517 utrisque
739 468 825 504 nihil
844 469 1018 519 reliquum
1038 471 1125 508 fieri.
1183 471 1264 508 De-

196 532 304 581 nique
327 531 497 575 Romani,
525 531 642 568 multo
660 541 742 569 ante
762 532 883 570 labore
898 534 1113 585 proeliisque
1132 534 1266 586 fatiga-

196 596 238 641 ti,
268 605 351 647 post
372 597 447 634 dies
468 597 721 648 quadraginta,
742 610 848 646 quam
864 611 907 633 eo
927 607 1072 635 ventum
1090 608 1180 643 erat,
1199 613 1267 649 op-

196 659 283 710 pido
296 661 404 697 modo
420 661 548 710 potiti:
571 661 702 709 praeda
715 661 828 697 omnis
840 661 884 698 ab
900 661 1063 713 perfugis
1078 673 1263 712 corrupta.

200 725 247 769 Ii,
279 734 474 774 postquam
506 738 648 761 murum
676 725 846 762 arietibus
878 725 988 771 feriri,
1032 741 1158 777 resque
1186 741 1266 764 suas

197 789 375 832 adflictas,
395 788 530 832 vident,
551 802 677 825 aurum
692 798 800 838 atque
816 798 1020 840 argentum,
1033 799 1070 828 et
1082 791 1162 835 alia,
1176 805 1267 842 quae

198 853 313 902 prima
340 853 538 896 ducuntur,
579 852 727 888 domum
755 853 889 903 regiam
918 863 1174 904 comportant:
1203 854 1268 899 ibi,

198 916 279 952 vino
299 924 336 953 et
354 915 469 965 epulis
489 916 641 959 onerati,
670 915 814 965 illaque,
843 925 880 953 et
910 917 1071 962 domum,
1099 927 1136 955 et
1155 926 1269 955 semet

199 980 274 1032 igni
294 988 531 1030 corrumpunt
549 996 559 1025 3
589 990 639 1023 et,
670 993 757 1030 quas
777 980 862 1017 victi
881 981 926 1017 ab
950 981 1116 1020 hostibus
1136 996 1269 1032 poenas

202 1053 417 1089 metuerent,
445 1058 503 1081 eas
522 1044 589 1094 ipsi
610 1043 768 1081 volentes
788 1045 1002 1094 pependere.

256 1174 477 1212 LXXVII.
522 1175 604 1212 SED
624 1175 758 1224 pariter
777 1188 859 1212 cum
879 1184 987 1225 capta
1008 1175 1128 1213 Thala
1159 1176 1271 1229 legati

202 1252 247 1275 ex
267 1239 406 1288 oppido
428 1239 542 1288 Lepti
562 1240 608 1275 ad
630 1238 821 1276 Metellum
842 1248 1023 1284 venerant,
1042 1249 1198 1285 orantes,
1218 1241 1272 1278 uti

203 1303 417 1354 praesidium
437 1303 734 1353 praefectumque
753 1318 796 1340 eo
817 1303 977 1340 mitteret
994 1319 1004 1341 ε
1026 1304 1273 1342 Hamilcarem

203 1367 409 1417 quemdam,
428 1368 609 1404 hominem
629 1367 801 1410 nobilem,
822 1366 1028 1411 factiosum,
1049 1368 1148 1405 novis
1166 1370 1273 1406 rebus

205 1431 377 1476 studere3
406 1431 597 1467 advorsum
632 1444 738 1481 quem
768 1444 882 1479 neque
910 1431 1059 1480 imperia
1086 1432 1275 1483 magistra-

206 1506 327 1540 tuum,
347 1510 463 1546 neque
482 1496 580 1547 leges
593 1495 775 1532 valerent:
805 1495 840 1530 ni
852 1495 888 1530 id
908 1494 1106 1539 festinaret,
1125 1497 1160 1532 in
1180 1510 1275 1533 sum-

205 1575 265 1598 mo
287 1560 449 1610 periculo
466 1574 565 1597 suam
581 1559 745 1602 salutem,
760 1558 902 1595 illorum
917 1560 1033 1596 socios
1046 1559 1136 1597 fore.
1178 1562 1275 1598 Nam

207 1624 399 1674 Leptitani
413 1626 487 1675 jam
510 1624 591 1660 inde
615 1637 635 1659 a
667 1623 843 1672 principio
872 1623 956 1660 belli
987 1625 1199 1675 Jugurthini
1229 1625 1276 1662 ad

210 1689 371 1727 Bestiam
390 1687 586 1732 consulem,
606 1696 642 1724 et
658 1696 785 1736 postea
803 1687 970 1731 Romam,
990 1688 1170 1733 miserant,
1189 1691 1278 1726 ami-

208 1753 331 1791 citiam
352 1752 633 1801 societatemque
654 1760 836 1802 rogatum.
894 1751 1052 1796 Deinde,
1071 1752 1133 1789 ubi
1151 1766 1192 1789 ea
1211 1753 1278 1789 im.-

210 1825 365 1867 petrata,
386 1830 526 1865 semper
543 1815 630 1853 boni
650 1814 845 1864 fidelesque
865 1828 1035 1860 mansere,
1053 1824 1091 1853 et
1105 1827 1239 1853 cuncta
1256 1830 1277 1854 a

210 1882 348 1925 Bestia,
376 1881 536 1924 Albino,
567 1879 794 1930 Metelloque
814 1879 987 1929 imperata
1005 1880 1083 1916 navi
1103 1879 1275 1918 fecerant.

211 1947 343 1996 Itaque
363 1946 408 1982 ab
428 1945 642 1994 imperatore
661 1943 779 1987 facile,
808 1957 898 1993 quae
922 1945 1109 1994 petebant,
1138 1945 1275 1995 adepti.

213 2009 375 2048 Emissae
403 2022 446 2045 eo
466 2008 635 2046 cohortes
664 2007 849 2058 Ligurum
867 2017 1038 2058 quatuor,
1064 2017 1102 2046 et
1124 2008 1169 2046 C.
1192 2009 1278 2047 Au-

209 2073 288 2117 nius
307 2072 525 2126 praefectus.
