1497 2689
239 314 312 349 ηερ
395 281 712 350 SALLUSTH
743 310 1131 351 FRAGMENTA.

234 423 400 474 degerint
419 439 429 469 ;
459 423 524 460 nisi
553 423 835 473 adprobaveritis
868 439 991 461 omnes
1023 424 1306 475 proscriptiones

232 488 462 525 innoxiorum
478 489 525 524 ob
547 488 702 532 divitias,
723 490 905 526 cruciatus
926 482 1079 527 virorum
1099 490 1309 536 illustrium,

237 563 368 590 vastam
397 554 523 590 urbem
551 552 641 604 fuga
660 562 698 590 et
717 554 900 598 caedibus,
928 554 1024 591 bona
1051 555 1180 592 civium
1200 556 1308 593 mise-

234 632 367 662 rorum,
397 618 498 668 quasi
519 618 740 656 Cimbricam
759 619 942 668 praedam,
970 632 1099 656 venum
1117 629 1181 657 aut
1209 620 1307 657 dono

234 682 368 718 datam.
417 683 477 719 At
493 683 654 734 objectat
669 682 755 719 mihi
775 683 1016 732 possessiones
1034 698 1078 721 ex
1098 685 1202 722 bonis
1222 698 1307 735 pro-

235 746 453 796 scriptorum
475 762 484 784 :
516 747 616 796 quod
636 747 782 796 quidem
802 746 975 784 scelerum
995 746 1088 785 illius
1107 747 1163 785 vel
1181 761 1309 786 maxuz

234 824 334 846 mum
353 820 421 854 est,
450 825 520 847 non
549 824 619 854 me,
648 825 764 861 neque
794 825 1010 862 quemquam
1039 812 1199 848 omnium
1225 813 1310 850 satis

234 886 357 913 tutum
377 876 499 920 fuisse,
529 876 557 913 si
576 886 674 913 recte
695 876 906 913 faceremus.
963 877 1097 927 Atque
1116 875 1189 921 illa,
1219 890 1311 927 quae

236 950 314 977 tum
335 940 525 977 formidine
544 950 724 978 mercatus
745 954 836 984 sum,
856 940 980 990 precio
1000 941 1134 985 soluto,
1148 943 1228 992 jure
1247 942 1315 978 do-

236 1006 338 1042 minis
359 1015 477 1043 tamen
497 1005 651 1043 restituo
670 1021 680 1051 3
709 1019 825 1055 neque
852 1008 929 1055 pati
952 1004 1141 1042 consilium
1161 1013 1229 1050 est,
1259 1005 1316 1042 ul-

235 1069 305 1106 lam
325 1084 369 1107 ex
390 1070 528 1107 civibus
547 1070 717 1120 praedam
730 1083 819 1107 esse.
870 1069 965 1107 Satis
979 1069 1038 1105 illa
1054 1068 1201 1113 fuerint,
1222 1078 1314 1121 quae

237 1134 333 1171 rabie
353 1143 543 1172 contracta
562 1134 807 1178 toleravimus,
827 1147 952 1170 manus
972 1143 1201 1170 conserentes
1219 1134 1314 1171 inter

237 1211 275 1236 se
299 1200 484 1236 Romanos
502 1199 698 1243 exercitus,
718 1208 754 1235 et
774 1212 871 1235 arma
889 1199 934 1235 ab
950 1199 1106 1235 externis
1122 1198 1155 1234 in
1171 1207 1313 1236 nosmet

237 1277 349 1301 versa.
401 1263 586 1301 Scelerum
604 1272 642 1300 et
661 1262 961 1300 contumeliarum
976 1262 1137 1299 omnium
1156 1262 1236 1299 finis
1252 1262 1310 1300 sit.

239 1329 409 1378 Quorum
439 1328 530 1364 adeo
561 1326 699 1365 Sullam
727 1341 798 1364 non
826 1327 1005 1377 poenitet,
1033 1336 1075 1363 ut
1095 1335 1133 1364 et
1152 1326 1251 1364 facta
1277 1327 1313 1363 in

239 1392 357 1443 gloria
384 1402 563 1436 numeret,
591 1401 643 1436 et,
672 1392 699 1428 si
727 1391 849 1436 liceat,
877 1391 1014 1428 avidius
1043 1390 1183 1428 fecerit.
1239 1391 1317 1429 Nea

239 1471 310 1506 que
324 1459 413 1508 jam,
434 1457 523 1506 quid
541 1456 767 1494 existumetis
795 1456 840 1493 de
867 1455 945 1499 illo,
973 1455 1035 1492 sed
1059 1465 1234 1507 quantum
1252 1468 1317 1492 vos

239 1521 416 1565 audeatis,
445 1535 569 1558 vereor
586 1536 595 1558 :
626 1534 684 1564 ne,
712 1519 800 1556 alius
820 1519 929 1556 alium
947 1519 1149 1569 principem
1166 1533 1318 1569 exspec-

240 1594 374 1629 tantes,
403 1595 486 1622 ante
514 1584 720 1635 capiamini,
748 1598 819 1620 non
839 1584 971 1634 opibus
991 1586 1080 1636 ejus,
1111 1598 1202 1636 quae
1230 1583 1319 1621 futi-

240 1648 291 1686 les
310 1659 347 1687 et
367 1658 560 1699 corruptae
576 1658 675 1692 sunt,
695 1648 755 1685 sed
772 1657 891 1685 vestra
909 1648 1085 1692 secordia,
1105 1662 1213 1698 quam
1232 1661 1318 1699 cap·

240 1724 320 1750 tum
348 1714 398 1750 ire
424 1714 524 1758 licet,
553 1724 590 1751 et
619 1727 727 1765 quam
756 1712 887 1749 audeat
915 1722 990 1749 tam
1018 1712 1129 1750 videri
1162 1711 1315 1750 felicem.

244 1779 341 1817 Nam
378 1789 522 1829 praeter
558 1778 729 1816 satellites
762 1776 1046 1815 commaculatos
1082 1777 1160 1829 quis
1192 1777 1319 1815 eadem

243 1843 318 1880 vult
335 1845 347 1881 ?
375 1854 437 1881 aut
458 1844 538 1894 quis
554 1831 763 1880 non⁰omnia
777 1852 930 1887 mutata,
949 1851 1092 1893 praeter
1106 1843 1320 1881 victoriam?

244 1908 380 1945 scilicet
409 1909 562 1953 milites3
593 1922 747 1958 quorum
776 1908 948 1960 sanguine
968 1908 1144 1945 Tarrulae
1165 1909 1319 1958 Scyrro-

245 1986 329 2022 que,
344 1973 518 2022 pessumis
535 1986 730 2015 servorum,
746 1973 889 2010 divitiae
903 1982 1028 2023 partae
1044 1982 1145 2011 sunt:
1167 1987 1225 2017 an,
1240 1973 1321 2023 qui-

243 2037 312 2074 bus
340 2037 520 2087 praelatus
549 2037 583 2073 in
612 2037 884 2089 magistratibus
918 2038 1105 2087 capiundis
1135 2037 1322 2082 Fusidius‚

244 2101 373 2146 ancilla
392 2102 522 2151 turpi5‚
551 2102 730 2138 honorum
748 2102 909 2138 omnium
928 2103 1290 2139 dehonestamentum
1306 2102 1322 2140 ἔ

248 2165 378 2217 Itaque
391 2173 594 2204 maxumam
607 2166 695 2204 mihi
708 2166 877 2204 fiduciam
890 2167 984 2216 parit
995 2163 1113 2205 victor
1123 2167 1323 2212 exercitus,
