1451 2719
337 308 654 348 SALLUSTII
683 310 706 347 J
709 310 836 350 UGU
843 309 1024 349 RTHA.
1164 314 1217 351 69

140 420 265 464 Nunc,
293 420 465 470 quoniam
497 421 585 458 mihi
616 430 743 459 natum
763 423 855 459 vitae
887 423 992 459 finem
1023 421 1124 465 facit,
1153 436 1219 472 per

137 484 232 522 hanc
260 484 440 529 dextram,
472 500 537 536 per
567 487 667 538 regni
688 487 796 524 fidem
817 501 946 524 moneo
965 488 1220 536 obtestorque,

137 550 193 588 uti
222 550 304 595 hos,
335 551 398 601 qui
429 551 495 588 tibi
527 566 658 603 genere
690 554 898 604 propinqui,
929 552 1107 590 beneficio
1138 567 1220 590 meo

135 614 266 654 fratres
285 626 384 661 sunt,
415 631 517 655 caros
537 619 670 656 habeas
688 635 699 664 ;
729 633 798 656 neu
821 618 920 655 malis
940 619 1074 656 alienos
1094 619 1222 670 adjun-

135 693 238 732 gere,
266 695 375 732 quam
395 683 569 734 sanguine
589 686 803 735 conjunctos
822 684 989 720 retinere.
1049 683 1135 720 Non
1156 696 1221 719 ex-

134 745 272 783 ercitus
302 760 418 795 neque
448 747 607 782 thesauri
638 747 815 796 praesidia
834 747 935 798 regni
969 755 1066 790 sunt,
1095 761 1221 783 verum

135 809 257 854 amici,
288 823 382 859 quos
410 823 528 859 neque
547 809 652 847 armis
671 824 819 862 cogere,
851 824 967 860 neque
987 824 1073 847 auro
1095 825 1221 860 parare

135 887 274 924 queas:
304 873 426 911 officio
446 883 483 910 et
504 874 574 911 fide
606 875 808 925 pariuntur.
868 876 962 925 Quis
985 885 1107 913 autem
1134 876 1223 913 ami-

133 937 225 982 cior,
254 951 364 988 quam
393 937 505 975 frater
536 937 668 976 fratri?
696 949 759 976 aut
783 953 891 989 quem
922 939 1075 976 alienum
1104 940 1221 977 fidum

132 1000 303 1045 invenies,
334 1001 361 1038 si
381 1001 452 1038 tuis
472 1002 588 1038 hostis
607 1001 716 1039 fueris
734 1004 747 1040 ε’
803 1003 989 1053 Equidem
1019 1018 1090 1055 ego
1110 1004 1217 1041 vobis

133 1077 288 1115 regnum
305 1064 412 1102 trado
432 1065 590 1109 firmum,
610 1065 637 1102 si
657 1067 743 1102 boni
763 1067 886 1112 eritis3
912 1067 964 1103 sin
985 1067 1083 1112 mali,
1105 1068 1221 1105 imbe—

132 1127 268 1165 cillum.
326 1129 423 1166 Nam
442 1129 637 1166 concordia
656 1143 785 1179 parvae
805 1144 859 1167 res
875 1140 1059 1176 crescunt,
1080 1132 1221 1168 discor-

134 1192 194 1230 dia
221 1206 412 1231 maxumae
442 1193 664 1231 dilabuntur.
740 1194 915 1232 Ceterum
949 1205 1032 1232 ante
1067 1195 1134 1232 hos
1167 1205 1220 1241 te,

135 1257 337 1310 Jugurtha,
368 1258 431 1308 qui
451 1267 570 1295 aetate
589 1267 627 1295 et
647 1259 823 1308 sapientia
852 1259 951 1309 prior
969 1273 1020 1304 es,
1052 1274 1095 1297 ne
1115 1260 1221 1298 aliter

135 1321 227 1372 quid
244 1322 398 1367 eveniat,
418 1322 608 1372 providere
628 1323 746 1360 decet.
806 1323 902 1361 Nam
921 1323 956 1359 in
986 1325 1084 1361 omni
1104 1334 1222 1361 certa-

136 1385 244 1431 mine,
276 1386 338 1436 qui
367 1385 576 1436 opulentior
602 1394 672 1430 est,
702 1386 809 1424 etiam
831 1387 859 1424 si
880 1387 1014 1438 accipit
1039 1388 1219 1439 injuriam,

129 1451 217 1501 quia
234 1450 318 1501 plus
345 1459 484 1501 potest,
515 1446 634 1488 facere
654 1451 810 1489 videtur.
869 1453 948 1489 Vos
968 1460 1103 1496 autem,
1133 1453 1221 1490 Ad-

132 1514 260 1552 herbal
291 1524 330 1552 et
363 1515 571 1564 Hiempsal,
601 1515 725 1559 colite,
758 1516 948 1553 observate
977 1516 1086 1553 talem
1121 1517 1219 1554 hunc

133 1579 265 1624 virum,
285 1579 474 1616 imitamini
504 1579 690 1623 virtutem,
722 1589 759 1616 et
779 1580 967 1624 enitimini,
993 1595 1035 1617 ne
1054 1595 1126 1631 ego
1147 1595 1221 1618 me-

132 1642 241 1681 liores
260 1643 394 1682 liberos
413 1644 580 1681 sumsisse
600 1644 734 1688 videar,
763 1657 871 1693 qnam
899 1645 1110 1696 genuisse.''

190 1773 267 1811 XI.
298 1773 369 1811 AD
385 1786 426 1810 ea
437 1772 637 1824 Jugurtha,
656 1772 799 1809 tametsi
813 1787 935 1825 regem
956 1773 1043 1810 ficta
1054 1772 1219 1812 locutum

133 1837 384 1889 intellegebat,
404 1847 442 1875 et
461 1838 536 1888 ipse
555 1837 665 1889 longe
685 1837 787 1874 aliter
806 1838 923 1874 animo
955 1838 1134 1890 agitabat,
1163 1848 1219 1876 ta-

132 1915 214 1939 men
233 1915 300 1952 pro
320 1911 484 1952 tempore
503 1902 659 1953 benigne
678 1902 877 1952 respondit.
919 1902 1080 1952 Micipsa
1091 1902 1217 1952 paucis

132 1965 260 2003 diebus
289 1966 453 2003 moritur.
536 1966 738 2015 Postquam
767 1965 815 2002 illi
845 1980 943 2003 more
978 1967 1080 2017 regio
1116 1969 1217 2018 justa

132 2030 325 2082 magnifice
355 2030 530 2074 fecerant,
561 2030 676 2081 reguli
706 2030 740 2066 in
781 2045 890 2067 unum
921 2045 1132 2075 convenere,
1164 2030 1216 2067 uti

131 2094 226 2134 inter
244 2110 280 2134 se
299 2096 345 2134 de
363 2096 506 2134 cunctis
526 2095 682 2147 negotiis
715 2095 975 2146 disceptarent.
1035 2097 1108 2134 Sed
1141 2096 1215 2133 Hi-

132 2160 282 2213 empsal,
311 2161 374 2213 qui
401 2161 581 2200 minumus
612 2174 658 2199 ex
690 2159 772 2207 illis,
800 2169 928 2200 natura
958 2160 1076 2208 ferox,
1105 2161 1212 2200 etiam
