1451 2719
370 316 684 355 SALLUSTII
713 317 1053 357 JUGURTHA.
1191 321 1243 357 63

170 440 255 465 cum
285 428 495 477 praesertim
525 442 648 466 omnes
681 443 798 466 rerum
831 430 1050 466 mutationes
1081 430 1243 472 caedem,

174 492 316 544 fugam,
346 493 486 543 aliaque
515 494 660 530 hostilia
689 494 935 544 portendant:
965 492 1098 531 frustra
1123 503 1242 530 autem

171 557 251 602 niti,
282 571 399 607 neque
430 557 527 595 aliud
559 557 763 609 fatigando,
794 558 859 594 nisi
889 558 1028 601 odium,
1060 558 1244 608 quaerere,

169 630 352 659 extremae
371 623 573 659 dementiae
592 631 674 667 est;
704 622 769 659 nisi
797 621 893 658 forte
923 635 1031 672 quem
1056 621 1245 658 inhonesta

171 695 208 724 et
228 687 428 737 perniciosa
444 687 570 723 lubido
586 697 699 730 tenet,
719 686 904 736 potentiae
919 699 1119 736 paucorum
1135 686 1246 722 decus

171 760 283 801 atque
302 751 508 789 libertatem
529 764 628 789 suam
648 750 856 802 gratificari.

227 882 300 919 IV.
323 881 536 921 Cis-rmum
558 895 604 918 ex
619 879 696 918 aliis
715 879 886 931 negotiis,
906 892 999 929 quae
1018 878 1164 929 ingenio
1183 892 1246 915 ex-

171 955 352 990 ercentur,
383 946 418 982 in
449 946 574 996 primis
603 950 742 996 magno'
756 944 835 982 usui
855 953 910 982 est
930 944 1099 980 memoria
1128 956 1247 980 rerum

172 1019 359 1060 gestarum
377 1025 386 1047 :
417 1013 519 1062 cujus
539 1010 583 1046 de
603 1009 737 1046 virtute
758 1008 842 1058 quia
861 1006 966 1044 multi
987 1008 1122 1052 dixere,
1146 1021 1249 1057 prae-

171 1074 387 1110 tereundum
411 1081 533 1123 puto;
576 1072 695 1115 simul,
725 1086 782 1116 ne,
813 1070 878 1120 per
896 1070 1134 1115 insolentiam,
1167 1072 1249 1121 quis

171 1136 383 1180 existumet,
429 1145 576 1179 memet,
619 1135 781 1172 studium
818 1134 1013 1178 laudando,
1059 1134 1247 1172 extollere.

172 1189 308 1249 Atque
338 1213 410 1251 ego
441 1200 550 1237 credo
581 1198 658 1236 fore
689 1198 765 1248 qui,
797 1198 882 1248 quia
905 1198 1046 1235 decrevi
1080 1199 1209 1247 procul
1228 1213 1250 1235 a

174 1263 361 1314 republica
391 1272 548 1301 aetatem
578 1276 699 1314 agere,
730 1271 834 1299 tanto
862 1270 1010 1312 tamque
1035 1262 1115 1299 utili
1135 1263 1250 1300 labori

173 1340 254 1365 meo
273 1341 402 1365 nomen
422 1327 570 1370 inertiae
591 1327 778 1376 imponant
796 1341 805 1364 :
836 1335 948 1370 certe,
971 1327 1104 1376 quibus
1124 1339 1251 1381 maxu-

173 1404 231 1428 ma
261 1391 438 1428 industria
469 1391 613 1428 videtur
641 1389 796 1427 salutare
826 1389 985 1440 plebem,
1015 1400 1054 1428 et
1079 1392 1250 1428 conviviis

174 1455 331 1506 gratiam
361 1469 545 1506 quaerere.
603 1455 680 1504 Qui
711 1454 739 1491 si
769 1455 1030 1504 reputaverint,
1059 1463 1098 1494 et
1115 1456 1251 1505 quibus

172 1533 246 1570 ego
265 1519 494 1569 temporibus
521 1519 756 1570 magistratus
775 1519 930 1568 adeptus
949 1532 1042 1563 sum,
1068 1528 1108 1557 et
1127 1520 1251 1570 quales

173 1583 239 1621 viri
258 1583 354 1621 idem
373 1583 523 1635 adsequi
543 1583 784 1633 nequiverint,
802 1592 840 1620 et
860 1592 988 1633 postea
1006 1598 1099 1634 quae
1119 1599 1253 1635 genera

174 1647 362 1684 hominum
382 1648 417 1684 in
438 1656 602 1684 senatum
631 1647 857 1697 pervenerint
875 1663 886 1692 ;
914 1646 1085 1697 profecto
1112 1650 1253 1686 existu-

174 1710 341 1755 mabunt,
371 1724 428 1748 me
447 1711 562 1762 magis
581 1711 725 1756 merito,
755 1724 865 1761 quam
890 1711 1046 1763 ignavia,
1071 1713 1251 1764 judicium

172 1775 282 1813 animi
301 1776 508 1818 mutavisse,
536 1777 722 1827 majusque
742 1776 975 1813 commodum
993 1790 1038 1813 ex
1059 1777 1136 1814 otio
1157 1791 1255 1821 meo,

175 1852 287 1889 quam
318 1853 363 1876 ex
397 1839 548 1877 aliorum
581 1839 753 1890 negotiiS,
791 1839 1011 1889 reipublicae
1044 1853 1259 1879 venturum.*

175 1906 274 1944 Nam
303 1919 410 1957 saepe
440 1906 572 1950 audivi,
605 1907 656 1956 Q.
691 1902 922 1950 Maxumum,
954 1906 998 1943 P.
1028 1906 1256 1956 Scipionem,-

178 1979 364 2020 praeterea
382 1970 538 2008 civ-itatis
558 1979 701 2007 nostrae
721 1969 923 2020 praeclaros
942 1970 1036 2007 viros
1056 1971 1182 2008 solitos
1202 1973 1253 2010 ita

177 2035 312 2080 dicere,
352 2049 436 2072 cum
478 2037 652 2087 majorum
695 2034 867 2086 imagines
899 2035 1137 2081 intuerentur,
1193 2052 1254 2075 ve-

177 2097 457 2137 hementissume
503 2099 570 2135 sibi
607 2098 763 2135 animum
795 2099 841 2135 ad
884 2098 1053 2136 virtutem
1090 2101 1261 2139 accendi:

177 2156 332 2202 Scilicet·
362 2177 433 2201 non
467 2176 585 2202 ceram
613 2162 723 2205 illam,
757 2176 872 2212 neque
905 2163 1073 2213 figuram,
1114 2173 1250 2202 tantam
