1451 2719
318 285 630 343 sALLUSTn
658 302 995 343 JUGURTHA.
1134 309 1178 343 81

162 412 286 459 XIX.
317 415 485 453 Posi-EA
508 416 718 460 Phoenices,
743 415 801 453 alii
821 414 1060 454 multitudinis
1079 415 1178 452 domi

116 478 326 516 minuendae
345 480 475 531 gratia,
503 494 584 530 pars
612 480 749 530 imperii
777 480 959 530 cupidine,
988 478 1180 516 sollicitata

115 542 236 592 plebe,
267 553 304 581 et
337 543 412 581 aliis
445 558 614 581 novarum
643 558 759 581 rerum
786 544 909 588 avidis,
948 543 1178 593 Hipponem,

114 605 403 652 Hadrumetum,
426 609 590 658 Leptim,
610 608 766 659 aliasque
785 608 896 652 urbis,
915 608 948 644 in
968 621 1031 644 ora
1045 607 1180 644 mariti-

114 684 172 708 ma
198 673 418 710 condidere:
458 674 609 722 haeque,
637 673 734 710 brevi
753 672 907 709 multum
926 681 1067 716 auctae,
1095 685 1178 722 pars

113 734 316 786 originibus
348 737 540 786 praesidio,
574 736 662 773 aliae
695 736 816 773 decori
849 735 948 773 fuere
970 751 980 773 z
1019 749 1100 772 nam
1133 735 1180 772 de

111 798 336 850 Carthagine
356 799 455 837 silere
476 800 599 837 melius
622 810 728 850 puto,
756 813 866 850 quam
894 813 1020 850 parum
1040 800 1173 844 dicere,

111 863 281 912 quoniam
309 863 378 900 alio
407 878 600 914 properare
628 874 772 913 tempus
798 873 932 900 monet.
990 864 1113 915 Igitur
1131 863 1179 900 ad

111 925 395 972 Catabathmon,
423 928 484 978 qui
503 928 605 965 locus
629 929 852 979 Aegyptum
872 928 917 965 ab
936 927 1070 965 Africa
1088 925 1178 964 divi-

110 989 178 1033 dit,
199 991 356 1027 secundo
376 991 475 1035 mari,
495 991 608 1040 prima
628 991 771 1041 Cyrene
789 1001 857 1035 est,
878 989 1018 1028 colonia
1036 990 1180 1028 There-

109 1054 173 1099 6n,
201 1069 243 1092 ac
262 1056 430 1106 deinceps
455 1056 546 1092 duae
577 1056 717 1105 Syrtes,
745 1056 909 1105 interque
927 1069 985 1092 eas
1014 1055 1173 1105 Leptis:

108 1119 190 1156 dein
217 1119 396 1157 Philenon
417 1133 509 1164 arae,
538 1133 647 1169 quem
673 1119 898 1170 Aegyptum
922 1133 1042 1156 versus
1070 1119 1177 1156 finem

107 1183 246 1233 imperii
265 1184 422 1222 habuere
442 1183 741 1234 Cathaginienses
759 1198 768 1220 :
798 1191 884 1233 post
902 1182 988 1220 aliae
1018 1183 1176 1220 Punicae

107 1247 226 1285 urbes.
284 1247 417 1286 Cetera
430 1248 511 1285 loca
525 1261 639 1297 usque
653 1246 700 1283 ad
715 1246 980 1284 Mauretaniam
996 1246 1177 1284 Numidae

106 1320 231 1348 tenent
248 1327 258 1349 :
301 1325 478 1362 proxume
513 1310 731 1360 Hispaniam
764 1309 887 1348 Mauri
920 1319 1002 1347 sunt
1019 1325 1029 1347 ε
1069 1324 1177 1360 super

107 1375 318 1413 Numidiam
346 1375 527 1415 Gaetulos
552 1375 757 1424 accepimus
783 1374 916 1424 partim
943 1374 977 1410 in
1005 1375 1176 1426 tuguriis,

105 1438 194 1477 alios
204 1439 376 1477 incultius
388 1454 500 1491 vagos
511 1439 649 1490 agitare
662 1455 672 1484 ;
686 1449 770 1489 post
783 1453 844 1476 eos
851 1439 1061 1489 Aethiopas
1073 1453 1148 1477 esse
1163 1455 1174 1485 ;

106 1503 188 1540 dein
203 1503 284 1541 loca
297 1513 427 1542 exusta
441 1503 523 1541 solis
537 1503 737 1540 ardoribus.
783 1503 905 1554 Igitur
922 1502 1018 1540 bello
1038 1504 1060 1541 J
1064 1517 1176 1554 ugur-

105 1568 210 1605 thino
228 1568 400 1619 pleraque
419 1582 463 1606 ex
485 1567 630 1606 Punicis
650 1567 799 1616 oppida,
819 1577 856 1603 et
877 1566 955 1603 finis
975 1566 1173 1618 Carthagi-

105 1631 293 1677 niensium,
321 1647 413 1683 quos
441 1633 640 1669 novissume
668 1631 882 1675 habuerant,
910 1631 1069 1682 populus
1097 1632 1176 1669 Ro-

104 1709 228 1734 manus
257 1711 322 1747 per
340 1697 572 1748 magistratus
600 1695 897 1732 administrabat:
929 1695 1175 1734 Gaetulorum

104 1774 236 1812 magna
254 1774 349 1810 pars,
363 1770 400 1798 et
421 1761 593 1798 Numidia
606 1774 720 1810 usque
735 1759 781 1796 ad
796 1759 926 1796 flumen
942 1759 1175 1805 Mulucham,

104 1825 172 1863 sub
199 1825 386 1876 Jugurtha
402 1834 504 1861 erant
523 1818 704 1862 {Mauris
723 1824 890 1860 omnibus
909 1837 970 1860 rex
1002 1824 1173 1862 Bocchus

101 1888 347 1938 imperitabat,
379 1899 522 1938 praeter
554 1901 682 1924 nomen
716 1896 835 1924 cetera
867 1888 1012 1939 ignarus
1044 1888 1174 1938 populi

105 1952 290 1998 Romani;
319 1953 480 2003 itemque
508 1952 611 1989 nobis
639 1966 754 2001 neque
784 1952 894 1997 bello,
926 1967 1041 2003 neque
1068 1968 1172 2003 pace,

102 2025 207 2054 antea
224 2017 408 2068 cognitus.
467 2018 529 2055 De
550 2016 684 2054 Africa
697 2026 735 2054 et
749 2020 825 2069 ejus
844 2017 970 2055 incolis
990 2019 1036 2055 ad
1053 2031 1175 2057 necesa

103 2079 295 2119 s'itudinem
322 2081 371 2118 rei
392 2081 475 2119 satis
494 2081 646 2118 dictum.

616 2145 661 2181 L.
