1497 2689
204 308 255 344 30
406 300 718 340 SALLUSTII
748 298 1051 338 CATILINA.

201 416 354 453 habetur
373 414 445 451 sine
465 414 608 450 damno.
667 413 740 450 Sed
768 413 901 449 urbana
933 410 1070 460 plebes,
1110 422 1152 445 ea
1184 422 1269 446 vero

201 493 374 531 praeceps
393 479 482 515 ierat
501 477 624 514 multis
643 477 687 513 de
707 477 851 513 caussis.
910 475 1071 513 Primum
1095 473 1269 517 omnium,

201 544 263 594 qui
283 544 416 593 ubique
434 543 569 592 probro
588 550 697 590 atque
716 539 915 590 petulantia
927 552 1091 575 maxume
1111 545 1270 586 praesta-

202 609 314 653 bant3
344 608 433 646 item
465 605 523 642 alii
552 619 617 655 per
644 605 822 641 dedecora
853 602 1076 653 patrimoniis
1105 600 1270 645 amissis;

200 683 387 722 postremo
407 684 530 707 ornnes
550 683 640 718 quos
657 669 835 720 flagitium
847 677 908 704 aut
927 667 1065 704 facinus
1084 667 1194 703 domo
1209 679 1271 702 ex-

200 736 368 786 pulerat3
396 735 419 771 ii
438 734 608 777 Romam,
629 733 734 770 sicuti
750 733 784 768 in
800 732 987 776 sentinam,
1008 730 1271 768 confluxerant.

202 800 363 843 Deinde,
384 798 489 835 multi
509 811 683 834 memores
706 796 872 833 Sullanae
891 795 1075 839 victoriae,
1109 794 1209 844 quod
1226 807 1271 830 ex

202 864 377 915 gregariis
397 863 569 899 militibus
589 861 675 898 alios
695 870 874 898 senatores
907 859 1089 902 videbant,
1108 858 1196 895 alios
1223 858 1274 894 ita

202 927 343 970 divites,
372 926 425 962 uti
446 925 547 976 regio
568 925 666 961 victu
685 933 796 974 atque
815 923 918 960 cultu
937 931 1093 960 aetatem
1111 930 1275 973 agerent,

202 991 269 1027 sibi
285 990 448 1040 quisque,
479 990 506 1025 si
526 989 560 1025 in
581 989 685 1025 armis
705 987 838 1031 forent,
867 1001 911 1024 ex
930 987 1080 1024 victoria
1091 985 1175 1023 talia
1195 999 1275 1035 spe-

204 1056 345 1096 rabant.
395 1055 598 1096 Praeterea,
621 1055 790 1104 juventus
810 1065 902 1101 quae
921 1052 955 1087 in
989 1050 1083 1102 agris
1103 1063 1274 1086 manuum

201 1119 366 1156 mercede
384 1118 542 1167 inopiam
567 1116 793 1159 toleraverat,
826 1115 973 1165 privatis
987 1124 1097 1164 atque
1117 1113 1273 1164 publicis

202 1182 455 1233 largitionibus
474 1181 606 1223 excita,
635 1180 810 1216 urbanum
838 1179 953 1216 otium
985 1179 1130 1229 ingrato
1162 1176 1276 1213 labori

204 1246 460 1296 praetulerant.
518 1245 595 1281 Eos
614 1253 724 1292 atque
744 1243 830 1280 ah'os
859 1243 974 1280 omnis
995 1242 1127 1278 malum
1156 1239 1278 1291 publi-

203 1325 287 1349 cum
302 1310 432 1347 alebat.
489 1310 576 1358 Quo
596 1308 711 1345 minus
745 1308 957 1352 mirandum,
986 1307 1148 1344 homines
1166 1319 1277 1356 egen-

204 1377 264 1419 tis,
293 1374 392 1411 malis
407 1373 580 1417 moribus,
600 1385 767 1408 maxuma
782 1387 857 1421 spe,
878 1371 1095 1420 reipublicae
1110 1373 1215 1421 juxta
1234 1383 1276 1406 ac

205 1440 271 1476 sibi
298 1437 530 1476 consuluisse.
587 1436 791 1479 Praeterea,
821 1449 988 1484 quorum,
1017 1434 1167 1471 victoria
1196 1432 1279 1471 Sul-

204 1504 273 1547 lae,
300 1510 465 1552 parentes
495 1499 706 1550 proscripti,
734 1500 829 1537 bona
853 1508 991 1548 erepta,
1015 1501 1074 1549 jus
1101 1497 1278 1534 libertatis

205 1568 435 1606 imminutum
454 1573 544 1608 erat,
572 1563 670 1600 haud
689 1577 770 1599 sane
790 1563 857 1600 alio
871 1564 988 1600 animo
1007 1563 1091 1600 beni
1110 1571 1279 1599 eventum

206 1630 478 1680 exspectabant.
536 1627 605 1664 Ad
634 1627 719 1670 hoc,
748 1627 967 1676 quicumque
995 1627 1141 1663 aliarum
1169 1634 1279 1675 atque

207 1695 318 1739 senati
338 1694 495 1744 partium
514 1701 630 1736 erant,
650 1691 858 1728 conturbari
878 1690 1150 1740 rempublicam,
1171 1702 1278 1739 quam

207 1761 322 1798 minus
341 1758 455 1795 valere
474 1757 556 1806 ipsi,
577 1755 768 1792 malebant.
828 1755 874 1791 Id
905 1755 994 1791 adeo
1025 1753 1158 1794 malum
1187 1752 1280 1789 muls-

208 1835 265 1865 tos
284 1833 368 1874 post
387 1836 497 1859 annos
517 1822 551 1857 in
571 1820 754 1857 civitatem
774 1827 980 1855 reverterat.

263 1950 509 1990 XXXVIII.
566 1948 683 1991 ΝΛΜ,
712 1955 920 1996 postquam,
949 1946 1018 1982 Cn.
1042 1945 1220 1994 Pompeio
1240 1954 1278 1981 et

211 2018 268 2056 M.
291 2018 421 2055 Crasso
442 2012 663 2055 consulibus,
693 2011 886 2047 tribunicia
904 2019 1066 2060 potestas
1098 2008 1280 2052 restituta,

210 2082 372 2118 homines
391 2079 649 2120 adolescentes,
676 2079 873 2125 [summam
902 2082 1123 2124 potestatem
1154 2073 1276 2122 nacti]

211 2146 341 2199 quibus
359 2153 455 2185 actas
475 2142 683 2191 animusque
703 2139 819 2184 ferox,
848 2153 1012 2189 coepere,
1032 2146 1194 2184 senatum
1213 2138 1284 2191 cri,-
