1451 2719
356 306 667 346 sALLUSTn
697 295 1035 346 JUGURTHA'.
1151 293 1224 347 145'

154 417 304 455 honeste
323 418 487 456 vixerint.
545 417 624 456 Nae
643 417 692 454 illi
711 417 789 454 falsi
809 426 905 461 sunt,
933 416 995 466 qui
1013 416 1223 454 divorsissu-

154 494 228 520 mas
248 495 303 519 res
333 482 466 532 pariter
483 490 709 531 exspectant,
739 481 900 532 ignaviae
919 480 1157 530 voluptatem,
1184 491 1223 518 et

152 546 309 596 praemia
329 546 482 583 virtutis.
540 546 672 595 Atque
701 545 821 589 etiam,
851 558 933 582 cum
959 544 1056 594 apud
1076 558 1138 582 vos
1157 553 1222 587 aut

151 609 186 645 in
217 618 342 646 senatu
370 609 476 646 verba
505 609 655 653 faciunt,
684 608 852 658 pleraque
879 608 1040 645 oratione
1069 610 1221 660 majores

152 686 234 710 suos
261 673 442 711 extollunt
460 689 470 711 ε
501 687 626 710 eorum
652 672 761 710 fortia
780 672 877 710 facta
896 672 1127 710 memorando
1147 672 1222 710 cla·

151 736 259 774 riores
289 751 363 775 sese
393 746 551 787 putant;
580 737 680 787 quod
708 745 846 773 contra.
905 736 1014 781 Nam,
1043 745 1220 786 quantum

155 802 228 841 vita
246 801 389 840 illorum
409 802 635 852 praeclarior,
664 810 768 839 tanto
792 801 921 839 h'orum
941 801 1101 838 secordia
1119 801 1224 852 flagi-

153 865 290 902 tiosior.
349 866 402 904 Et
435 865 604 916 profecto
636 865 687 902 ita
719 878 755 903 se
788 879 842 902 res
875 864 984 902 habet
1002 880 1013 910 ;
1047 867 1222 917 majorum

152 928 267 980 gloria
303 931 456 979 posteris
485 929 604 967 lumen
634 938 703 973 est,
734 918 848 978 neque
876 929 971 965 bona
996 943 1111 979 neque
1131 927 1225 966 mala.

151 992 186 1029 in
205 993 353 1030 occulto
374 993 527 1044 patitur.
576 993 744 1044 Hujusce
760 992 809 1029 rei
823 1005 894 1044 ego
909 993 1067 1042 inopiam
1087 993 1223 1043 patior,

155 1056 346 1105 Quirites;
375 1071 510 1100 verum,
538 1057 590 1100 id,
629 1056 729 1106 quod
757 1055 873 1092 multo
902 1057 1116 1105 praeclarius
1154 1066 1226 1101 est,

151 1129 305 1157 meamet
325 1120 422 1157 facta
441 1121 559 1158 dicere
580 1120 678 1157 licet.
736 1120 844 1158 Nunc
865 1120 998 1165 videte,
1027 1134 1134 1170 quam
1157 1120 1226 1157 ini-

153 1183 214 1234 qui
233 1184 317 1221 sint.
375 1185 489 1234 Quod
518 1197 562 1221 ex
594 1183 708 1220 aliena
726 1183 860 1220 virtute
881 1183 947 1220 sibi
967 1185 1160 1235 adrogant,
1187 1184 1227 1223 id

149 1247 237 1284 mihi
256 1261 301 1284 ex
321 1261 399 1285 mea
418 1262 488 1284 non
509 1247 715 1284 concedunt
733 1261 743 1283 t
774 1245 926 1291 scilicet,
946 1247 1030 1297 quia
1049 1248 1226 1300 imagines

153 1325 223 1348 non
250 1312 382 1355 habeo,
409 1321 447 1349 et
477 1312 560 1363 quia
587 1311 675 1348 mihi
700 1324 791 1347 nova
819 1311 987 1349 nobilitas
1005 1322 1089 1359 est;
1117 1327 1227 1363 quam

152 1384 253 1412 certe
272 1375 451 1425 peperisse
466 1374 590 1412 melius
604 1384 675 1420 est,
686 1387 794 1424 quam
809 1384 996 1425 acceptam
1012 1378 1227 1427 corrupisse.

157 1438 342 1488 Equidem
361 1452 432 1490 ego
452 1452 522 1475 non
547 1438 691 1489 ignorO,
721 1438 749 1475 si
774 1440 850 1489 jam
868 1440 1084 1489 respondere
1104 1440 1228 1485 velint,

153 1502 295 1540 abunde
314 1502 382 1539 illis
396 1502 590 1540 facundam
608 1511 646 1540 et
665 1503 905 1552 compositam
920 1505 1119 1542 orationem
1134 1504 1226 1543 fore.

158 1566 244 1610 Sed,
264 1566 299 1602 in
318 1580 487 1604 maxumo
504 1574 621 1604 vestro
640 1566 831 1610 beneficio,
851 1581 934 1604 cum
953 1568 1119 1606 omnibus
1137 1568 1230 1606 locis

153 1644 212 1668 me
233 1644 370 1682 vosque
390 1630 588 1668 maledictis
607 1630 779 1674 lacerent,
808 1644 878 1667 non
907 1631 1045 1681 placuit
1065 1633 1232 1678 reticere,

154 1708 200 1732 ne
230 1695 311 1744 quis
339 1694 552 1732 modestiam
577 1695 612 1731 in
638 1694 894 1731 conscientiam
913 1696 1075 1734 duceret.
1134 1697 1231 1734 Nam

156 1772 214 1795 me
234 1759 394 1809 quidem,
422 1773 467 1796 ex
488 1758 594 1795 animi
621 1758 810 1802 sententia,
842 1758 938 1796 nulla
956 1760 1073 1798 oratio
1091 1759 1234 1798 laedere

157 1832 308 1873 potest:
340 1824 489 1875 quippe,
519 1837 613 1867 vera,
639 1835 782 1860 necesse
802 1832 870 1866 est,
903 1824 994 1861 bene
1020 1825 1233 1874 praedicet;

156 1887 285 1925 falsam
303 1888 378 1925 vita
396 1902 585 1937 moresque
613 1888 682 1924 mei
703 1895 885 1936 superant.
944 1888 1031 1932 Sed,
1061 1888 1234 1938 quoniam

156 1961 275 1989 vestra
299 1952 447 1990 consilia
476 1960 704 1994 accusantur,
735 1950 798 2000 qui
817 1950 903 1988 mihi
923 1965 1100 1989 summum
1119 1952 1236 1989 hono-

158 2030 233 2054 rem
253 2026 290 2054 et
311 2031 521 2054 maxumum
540 2015 729 2066 negotium
743 2015 977 2064 imposuistis,
996 2016 1105 2053 etiam
1123 2026 1236 2066 atque

155 2081 265 2118 etiam
283 2090 463 2132 reputate,
483 2095 568 2118 num
587 2081 625 2117 id
643 2080 903 2129 poenitendum
923 2081 982 2118 sit.
1043 2081 1081 2119 Ν
1085 2094 1131 2117 on
1153 2093 1238 2130 pos-

158 2158 238 2182 sum
257 2146 340 2184 fidei
355 2159 480 2184 caussa
497 2145 682 2196 imagines,
702 2158 817 2195 neque
837 2145 1056 2195 triumphos,
1075 2153 1138 2182 aut
1153 2158 1241 2181 con-

678 2207 717 2244 Τ
