1497 2689
181 329 234 364 54
391 324 705 363 SALLUSTII
735 325 1041 364 CATILINA.

181 437 316 488 Igitur,
345 437 408 473 ubi
439 437 508 474 iter
536 438 611 488 ejus
636 451 679 474 ex
714 437 876 488 perfugis
910 435 1098 488 cognovit,
1141 444 1259 480 castra

176 515 330 551 propere
349 510 485 545 movet,
514 513 554 537 ac
575 502 642 537 sub
658 501 743 550 ipsis
764 501 944 538 radicibus
973 500 1151 537 montium
1171 515 1259 538 con-

177 566 282 609 sedit,
304 579 374 615 qua
386 565 435 601 illi
452 565 642 601 descensus
654 573 730 602 erat
752 565 808 614 [in
823 564 981 603 Galliam
1000 566 1255 615 properanti]-

178 631 309 681 Neque
328 640 447 667 tamen
477 630 667 667 Antonius
687 629 815 679 procul
834 630 957 666 aberat
974 645 984 675 ;
1028 638 1159 679 utpote
1190 630 1253 679 qui

176 708 309 745 magno
328 696 503 738 exercitu,
524 694 612 731 locis
631 693 872 744 aequioribus,
891 693 1095 743 expeditus,
1115 693 1148 729 in
1163 693 1254 745 fuga

177 769 399 809 sequeretur.
462 760 535 796 Sed
555 758 725 802 Catilina,
745 768 941 807 postquam
955 758 1054 794 videt
1074 758 1259 795 montibus

177 832 286 873 atque
305 823 419 874 copiis
434 823 593 860 hostium
613 837 687 860 sese
707 823 882 866 clausurn,
903 823 938 858 in
954 823 1041 859 urbe
1057 837 1112 859 res
1132 823 1258 859 adver-

178 900 244 931 sas,
274 902 389 937 neque
409 887 531 938 fugae,
560 901 676 936 neque
709 886 875 936 praesidii
895 886 1004 922 ullam
1034 900 1162 935 spem3
1192 900 1260 936 op·

176 960 317 987 turnum
338 951 476 988 factum
496 960 608 994 ratus,
629 951 662 987 in
683 950 746 987 tali
766 965 803 987 re
832 950 1015 987 fortunam
1033 950 1119 987 belli
1139 958 1260 988 tenta-

178 1029 228 1059 re,
269 1015 396 1052 statuit
429 1029 512 1052 cum
542 1014 713 1052 Antonio
746 1015 1011 1064 quamprimum
1045 1014 1256 1065 confligere.

180 1080 325 1129 Itaque,
352 1080 527 1116 concione
555 1079 744 1125 advocata,
773 1078 1025 1131 hujuscemodi
1059 1078 1260 1115 orationem

178 1144 305 1181 habuit
325 1159 333 1181 ε

232 1273 395 1309 LVIII.
418 1280 442 1297 ‘⁶
459 1273 737 1310 COMPERTUM
756 1286 827 1323 ego
842 1272 973 1315 habeo,
993 1271 1137 1314 milites,
1152 1272 1261 1308 verba

179 1337 348 1375 virtutem
376 1351 446 1374 non
480 1338 610 1374 addere
628 1352 639 1382 ;
669 1351 784 1386 neque
818 1351 861 1372 ex
895 1336 1025 1387 ignavo
1060 1344 1260 1378 strenuum,

179 1416 295 1452 neque
316 1401 447 1438 fortem
466 1416 510 1438 ex
530 1401 659 1437 timido
693 1400 894 1437 exercitum
925 1399 1087 1435 oratione
1106 1399 1263 1448 impera-

180 1465 267 1502 toris
297 1466 384 1502 fieri.
443 1466 591 1514 Quanta
618 1466 791 1515 cujusque
812 1463 930 1500 animo
950 1462 1098 1499 audacia
1117 1471 1261 1506 natura,

182 1540 244 1568 aut
265 1531 437 1574 moribus,
460 1530 565 1573 inest,
586 1537 687 1566 tanta
698 1528 733 1564 in
753 1527 848 1566 bello
861 1536 984 1578 patere
1005 1527 1096 1564 solet
1115 1542 1124 1564 :
1155 1540 1262 1577 quem

180 1611 297 1647 neque
325 1595 451 1647 gloria,
481 1608 597 1644 neque
625 1593 784 1644 pericula
811 1593 986 1637 excitant,
1015 1592 1260 1642 nequidquam

180 1662 325 1698 hortere
343 1676 353 1705 3
382 1659 491 1696 timor
510 1658 615 1695 animi
634 1658 777 1695 auribus
797 1658 936 1695 obficit.
997 1658 1070 1695 Sed
1089 1671 1160 1708 ego
1181 1672 1258 1702 vos,

182 1739 255 1775 quo
289 1738 403 1774 pauca
435 1737 630 1766 monerem,
664 1722 831 1759 advocavi
850 1738 859 1767 ;
891 1722 997 1759 simul
1017 1722 1071 1759 uti
1098 1735 1258 1758 caussam

183 1789 323 1827 consilii
343 1788 528 1838 aperirem.
590 1787 699 1824 Scitis
718 1787 898 1837 equidem,
927 1787 1069 1831 milites,
1098 1787 1259 1824 secordia

182 1864 291 1903 atque
310 1852 450 1904 ignavia
478 1851 630 1889 Lentuli
650 1861 820 1901 quantam
839 1851 905 1901 ipsi
926 1851 1064 1889 cladem
1084 1851 1261 1901 nobisque

179 1917 342 1955 attulerit
361 1932 370 1961 3
400 1930 545 1966 quoque
565 1915 688 1958 modo,
718 1916 804 1952 dum
824 1929 867 1952 ex
888 1916 976 1952 urbe
995 1915 1170 1965 praesidia
1190 1929 1260 1964 op-

182 1981 314 2031 perior,
331 1980 366 2016 in
389 1979 547 2018 Galliam
566 1979 746 2029 proficisci
766 1979 997 2029 nequiverim.
1056 1979 1166 2016 Nunc
1187 1992 1261 2028 quo

182 2047 216 2082 in
237 2047 319 2082 loco
340 2059 393 2082 res
414 2054 556 2081 nostrae
577 2044 660 2087 sint,
684 2046 792 2095 juxta
821 2057 961 2080 mecum
982 2039 1105 2080 omnes
1124 2041 1264 2080 intelle-

184 2111 284 2162 gitis.
343 2109 539 2146 Exercitus
558 2108 720 2145 hostium
739 2108 826 2152 duo,
847 2122 939 2144 unus
954 2107 998 2143 ab
1014 2107 1117 2150 urbe,
1138 2106 1230 2143 alter
1244 2119 1264 2145 a

186 2175 320 2224 Gallia,
339 2175 487 2211 obstant
506 2188 514 2211 :
546 2173 682 2210 diutius
701 2172 736 2209 in
756 2172 811 2209 his
830 2171 919 2209 locis
938 2185 1028 2216 esse,
1049 2171 1077 2208 si
1097 2184 1263 2208 maxume

1123 2460 1184 2517 Y
