1451 2719
337 328 649 369 SALLUSTII
679 328 1017 369 JUGURTHA.
1155 331 1207 369 95

140 451 276 480 vestros
294 455 494 492 perperam,
515 456 620 492 quam
641 452 751 486 recte,
771 442 923 486 fecisse;
943 441 1004 478 sed
1025 454 1067 476 ne
1086 439 1208 490 ignos-

140 506 257 544 cendo
277 505 376 543 malis
402 507 517 543 bonos
546 507 727 556 perditum
754 507 854 544 eatis.
913 506 981 544 Ad
1010 505 1079 542 hoc
1101 505 1133 541 in
1155 519 1209 542 re-

140 569 287 621 publica
306 569 423 607 multo
444 580 604 620 praestat
622 571 803 615 beneficii,
823 584 929 621 quam
950 569 1126 613 maleficii,
1147 569 1212 605 im-

141 647 334 672 memorem
355 648 430 671 esse
449 650 458 672 :
489 636 606 671 bonus
626 635 879 672 tantummodo
900 634 1046 685 segnior
1065 634 1120 676 fit,
1148 633 1210 669 ubi

141 697 313 750 neglegas
330 713 341 743 ;
371 707 408 734 at
428 698 541 735 malus
560 698 768 749 improbior.
825 699 894 735 Ad
914 698 998 742 hoc,
1019 697 1046 734 si
1066 697 1211 748 injuriae

142 776 212 800 non
233 762 317 806 sint,
336 762 433 799 haud
452 776 556 813 saepe
575 762 695 800 auxilii
714 765 865 814 egeas.''

196 891 380 928 XXXII.
440 891 565 929 Haec
586 902 695 941 atque
728 891 796 928 alia
827 891 1077 943 hujuscemodi
1108 903 1212 940 saepe

143 955 301 992 dicundo
322 954 517 992 Memmius
536 955 675 1005 populo
694 956 900 1005 persuadet,
920 955 973 992 uti
987 955 1036 992 L.
1054 955 1215 997 Cassius,

143 1019 206 1069 qui
226 1028 304 1056 tum
323 1028 469 1068 praetor
487 1029 577 1063 erat,
605 1020 652 1056 ad
670 1021 890 1071 Jugurtham
907 1021 1115 1057 mitteretur
1133 1035 1142 1064 ;
1163 1019 1216 1055 in-

144 1084 319 1134 terposita
339 1083 409 1120 fide
428 1083 588 1133 publica,
620 1084 775 1120 Romam
790 1085 952 1127 duceret,
974 1098 1047 1134 quo
1062 1083 1216 1126 facilius,

144 1149 277 1186 indicio
295 1149 404 1199 regis,
435 1149 561 1186 Scauri
580 1158 618 1186 et
650 1149 883 1199 reliquorum,
923 1163 1014 1199 quos
1044 1149 1218 1198 pecuniae

144 1222 274 1263 captae
293 1213 534 1257 arcessebant,
564 1213 698 1250 delicta
717 1214 942 1263 patefierent.
999 1213 1104 1250 Dum
1129 1213 1218 1249 haec

148 1277 288 1316 Romae
308 1286 498 1329 geruntur,
527 1278 603 1327 qui,
633 1278 668 1314 in
689 1277 862 1315 Numidia
882 1276 998 1314 relicti
1031 1290 1051 1313 a
1082 1276 1221 1320 Bestia,

144 1343 321 1381 exercitui
341 1351 542 1393 praeerant,
571 1342 687 1379 secuti
706 1355 843 1378 morem
867 1341 1108 1391 imperatoris,
1139 1341 1222 1391 plu-

146 1406 234 1443 rima
252 1416 290 1444 et
311 1407 603 1458 flagitiosissuma
622 1405 781 1442 facinora
800 1405 930 1442 fecere.
994 1405 1110 1442 Fuere
1145 1405 1225 1454 qui,

147 1485 236 1508 auro
255 1471 434 1520 corrupti,
462 1470 676 1519 elephantos
694 1471 900 1520 ,Iugurthae
919 1470 1102 1506 traderent
1121 1484 1130 1506 ε
1162 1470 1220 1506 alii

148 1534 322 1586 perfugas
341 1534 517 1572 vendere:
548 1547 630 1583 pars
644 1547 687 1570 ex
709 1533 846 1583 pacatis
865 1533 1015 1582 praedas
1035 1533 1191 1583 agebant
1210 1544 1220 1570 ε

147 1609 252 1637 tanta
271 1600 322 1636 vis
341 1599 508 1636 avaritiae
528 1598 562 1635 in
582 1598 719 1635 animos
737 1611 874 1641 eorum,
904 1596 1016 1634 veluti
1035 1598 1150 1640 tabes,
1170 1597 1224 1633 in-

149 1674 300 1701 vaserat.
358 1663 419 1700 At
439 1663 598 1706 Cassius,
626 1661 764 1712 perlata
782 1661 972 1713 rogatione
991 1674 1012 1697 a
1036 1661 1081 1699 C.
1104 1660 1225 1698 Mem-

150 1727 238 1772 mio,
266 1741 308 1764 ac
327 1727 493 1777 perculsa
511 1726 609 1763 omni
625 1725 828 1770 nobilitate,
848 1725 894 1762 ad
906 1725 1127 1776 =Iugurtham
1142 1739 1225 1774 pro-

150 1791 327 1829 ficiscitur
343 1806 354 1836 ς
383 1791 428 1835 ei,
458 1791 601 1834 timido,
620 1799 658 1827 et
677 1804 721 1827 ex
737 1790 956 1827 conscientia
975 1789 1152 1826 diffidenti
1171 1803 1226 1826 re-

151 1857 220 1894 bus
239 1856 324 1900 suis,
353 1855 559 1905 persuadet,
589 1869 662 1904 quo
695 1869 731 1891 se
751 1854 889 1904 populo
927 1855 1093 1891 Romano
1123 1854 1226 1891 dedi-

153 1920 278 1964 disset,
305 1934 349 1957 ne
368 1919 453 1964 vim,
482 1932 589 1969 quam
603 1918 893 1963 misericordiam,
913 1918 1066 1968 experiri
1089 1918 1228 1955 mallet«

154 1984 327 2022 Privatim
347 1993 532 2034 praeterea
551 1983 659 2020 fidem
679 1995 778 2019 suam
796 1983 1009 2032 interponit,
1037 1996 1144 2032 quam
1167 1981 1224 2019 ille

153 2062 225 2085 non
258 2048 418 2092 minoris,
460 2061 567 2098 quam
597 2046 795 2097 publicam,
836 2047 994 2084 ducebat
1011 2061 1020 2083 :
1067 2046 1148 2083 talis
1184 2060 1226 2083 ea

154 2121 370 2163 tempestate
390 2112 484 2149 fama
503 2112 546 2149 de
568 2111 713 2150 Cassio.
