1497 2689
283 343 355 379 158
472 339 785 379 SALLUSTII
814 343 1154 383 JUGURTHA.

331 453 480 490 XCVI.
514 453 674 490 Ianua
709 452 821 498 Sulla,
850 463 891 491 ut
919 469 1027 505 supra
1055 457 1208 501 dictum,
1242 467 1346 507 post„

277 531 384 568 quam
403 517 437 553 in
458 516 627 553 Africam
647 525 755 568 atque
770 518 804 553 in
821 527 937 555 castra
958 519 1065 557 Marii
1081 535 1163 557 cum
1178 522 1343 572 equitatu

275 581 384 625 venit,
404 581 501 617 rudis
520 590 624 617 antea
642 589 679 618 et
699 581 843 632 ignarus
861 582 958 626 belli,
979 583 1252 622 sollertissumus
1267 599 1347 622 om·

275 645 372 681 nium
399 645 434 681 in
463 645 586 695 paucis
606 646 882 695 tempestatibus
901 645 1019 684 factus
1038 657 1105 685 est.
1162 649 1231 686 Ad
1257 650 1344 694 hoc,

274 709 404 746 milites
432 710 586 760 benigne
614 709 820 759 adpellare3
858 709 979 747 multis
1012 713 1237 762 rogantibus,
1269 713 1344 750 aliis

273 788 338 823 per
370 787 405 810 se
436 774 525 822 ipse,
559 774 641 810 dare
673 774 861 818 beneficia,
894 773 1025 811 invitus
1052 776 1214 825 accipere
1231 792 1240 815 :
1282 778 1344 814 sed

272 851 313 874 ea
332 838 597 887 properantius,
615 852 721 889 quam
741 852 798 875 aes
813 847 993 883 mutuum,
1014 840 1161 877 reddere
1178 856 1188 885 ;
1208 840 1284 890 ipse
1299 841 1344 878 ab

272 901 372 938 nullo
393 910 553 951 repetere
572 917 580 939 t
612 903 726 954 magis
746 903 783 939 id
802 902 976 947 laborare,
1006 912 1047 940 ut
1067 903 1115 940 illi
1136 918 1244 955 quam
1263 904 1346 954 plu-

273 967 350 1002 rimi
371 966 570 1003 deberent:
595 968 679 1018 joca
709 975 818 1018 atque
847 967 935 1004 seria
963 981 1046 1004 curn
1069 967 1288 1005 humillumis
1307 983 1345 1006 a-

272 1044 357 1082 gere
372 1046 380 1067 :
402 1030 436 1066 in
452 1030 635 1079 operibus,
648 1031 683 1067 in
699 1031 854 1082 agmine,
867 1041 976 1083 atque
992 1032 1037 1068 ad
1053 1032 1191 1083 vigilias
1206 1033 1342 1071 multus

272 1096 421 1132 adesse:
458 1108 573 1146 neque
602 1094 757 1139 interim,
789 1096 886 1146 quod
914 1109 1024 1145 prava
1051 1097 1200 1133 ambitio
1235 1097 1341 1141 solet,

271 1159 441 1202 consulis,
471 1167 533 1195 aut
561 1161 774 1210 cujusquam
793 1159 892 1202 boni,
916 1158 1048 1196 famam
1067 1159 1233 1198 laedere:
1263 1170 1345 1198 tan-

273 1224 461 1259 tummodo
475 1237 589 1273 neque
609 1223 771 1266 consilio,
791 1237 907 1274 neque
927 1237 1045 1267 mauu,
1064 1224 1219 1272 priorem
1233 1224 1343 1261 alium

270 1288 365 1337 pati3
387 1288 578 1338 plerosque
593 1287 806 1324 antevenire.
861 1289 956 1337 Quis
971 1288 1078 1324 rebus
1095 1288 1195 1325 brevi
1217 1288 1339 1326 Mario

271 1352 515 1403 militibusque
536 1351 750 1388 carissumus
771 1351 902 1388 factus.

323 1483 498 1520 XCVII.
529 1483 600 1518 AT
621 1480 818 1531 jugurtha,
839 1489 1032 1530 postquam
1047 1481 1223 1531 oppidum
1243 1483 1342 1533 Cap.

268 1563 342 1587 sam
356 1548 516 1597 aliosque
527 1546 628 1584 locos
644 1544 801 1581 munitos
816 1553 851 1581 et
868 1545 933 1582 sibi
948 1545 1044 1582 utilis
1060 1545 1175 1590 simul,
1190 1556 1227 1584 et
1240 1561 1344 1599 mag-

266 1629 348 1652 narn
367 1612 569 1663 pecuniam,
589 1610 766 1654 amiserat,
787 1611 831 1647 ad
846 1610 1035 1647 Bocchum
1048 1611 1196 1649 nuncios
1214 1613 1342 1658 mittit,

268 1692 376 1729 quam
396 1677 552 1726 primum
571 1675 605 1711 in
627 1675 836 1712 Numidiam
857 1674 979 1724 copias
999 1675 1212 1714 adduceret:
1235 1691 1342 1726 proe-

267 1744 302 1780 lii
323 1741 481 1780 faciundi
501 1749 644 1789 tempus
664 1739 797 1775 adesse.
857 1740 978 1788 Quem
1007 1739 1068 1775 ubi
1101 1741 1263 1777 cunctari
1283 1755 1343 1778 ac-

268 1809 379 1858 cepit,
409 1805 559 1843 dubium
591 1803 676 1841 belli
706 1811 816 1852 atque
856 1802 953 1852 pacis
985 1803 1141 1840 rationes
1171 1805 1340 1851 trahere3

268 1886 401 1915 rursus,
430 1870 483 1907 uti
503 1877 620 1911 antea,
648 1880 845 1917 proxumos
874 1866 976 1903 donis
1009 1868 1224 1918 corrumpit,
1256 1869 1343 1919 ipsi-

268 1952 338 1987 que
358 1936 492 1973 Mauro
512 1932 706 1983 pollicetur
735 1930 928 1968 Numidiae
957 1939 1097 1980 partem
1128 1932 1284 1976 tertiam,
1313 1934 1339 1970 si

267 2011 330 2040 aut
354 1999 509 2038 Romani
530 1997 663 2035 Africa
677 1995 831 2045 expulsi,
851 2004 927 2039 aut,
948 1995 1099 2045 integris
1111 1995 1181 2033 suis
1194 1996 1340 2041 finibus,

267 2065 401 2104 bellum
434 2061 676 2111 compositum
709 2058 817 2096 foret.
903 2059 962 2095 Eo
994 2059 1154 2108 praemio
1183 2059 1340 2106 illectus,

271 2129 441 2168 Bocchus
469 2140 552 2163 cum
572 2137 702 2175 magna
735 2122 966 2160 multitudine
995 2123 1217 2174 Jugurtham
1237 2137 1341 2162 acce-

267 2194 334 2232 dit.
379 2193 439 2229 Ita
458 2191 646 2228 amborum
666 2188 829 2225 exercitu
843 2189 1053 2238 conjunctO,
1074 2187 1247 2233 Marium,
1262 2190 1338 2240 jam
