1497 2689
247 297 321 333 116
442 295 754 335 SALLUSTII
782 297 806 335 J
809 296 1120 337 UGURTHA.

249 406 350 458 gitur
369 405 557 452 Metellus,
586 408 647 445 ubi
666 408 763 445 videt
795 410 889 460 regis
907 410 1014 447 etiam
1047 418 1126 446 tum
1159 407 1318 445 animum

250 470 408 508 ferocem
428 487 438 515 ;
467 470 602 508 bellum
623 472 796 516 renovari,
825 474 938 522 quod,
966 473 1089 510 nisiex
1111 471 1203 508 illius
1221 471 1318 508 lubi-

251 535 346 579 dine,
376 535 451 586 geri
471 544 620 585 posset3
649 545 832 585 praeterea
860 537 1021 588 iniquum
1041 546 1219 574 certamen
1251 535 1319 572 sibi

251 613 334 637 curn
355 600 546 644 hostibus3
576 600 710 637 minore
729 601 944 638 detrimento
964 602 1044 638 illos
1067 602 1174 645 vinci,
1208 613 1317 650 quam

255 677 338 700 suos
357 664 514 701 vincere:
546 665 686 708 statuit,
715 678 784 700 non
818 665 975 714 proeliis,
1004 679 1118 715 neque
1138 665 1228 708 acie,
1257 663 1320 700 sed

251 727 320 764 alio
342 740 440 763 more
458 727 592 763 bellum
620 728 833 778 gerundum.
893 729 1025 779 Itaque
1056 729 1091 764 in
1127 727 1320 766 Numidiae

251 790 332 827 loca
351 790 635 840 opulentissuma
654 792 789 842 pergit,
818 805 924 842 agros
952 801 1082 836 vastat,
1111 793 1226 829 multa
1245 805 1323 828 cas-

250 853 337 891 tella
355 863 392 890 et
412 854 560 903 oppida,
589 863 722 891 temere
750 856 899 899 munita,
928 865 991 892 aut
1024 857 1097 893 sine
1128 855 1321 905 praesidio,

251 918 350 967 capit
369 917 616 968 incenditque,
636 919 789 967 puberes
804 919 975 956 interficit
994 934 1003 956 :
1035 919 1102 955 alia
1121 918 1240 955 omnia
1259 918 1326 954 mi-

251 979 357 1017 litum
377 980 509 1029 praeda
528 995 615 1017 esse.
666 982 723 1018 Ea
736 981 925 1019 formidine
941 982 1046 1019 multi
1059 982 1226 1019 mortales
1246 982 1326 1018 Ro-

251 1045 362 1081 manis
381 1045 495 1082 dediti
515 1045 657 1081 obsides
674 1061 684 1089 ς
713 1045 934 1082 frumentum
955 1055 992 1083 et
1021 1046 1102 1090 alia,
1132 1060 1223 1096 quae
1244 1045 1324 1082 usui

251 1109 384 1153 forent,
405 1108 556 1146 adfatim
574 1110 738 1159 praebita
755 1125 764 1147 ε
786 1110 1006 1160 ubicumque
1019 1125 1073 1147 res
1093 1110 1325 1160 postulabat,

253 1174 470 1224 praesidium
490 1173 712 1222 impositum.
772 1175 876 1223 Quae
896 1175 1044 1224 negotia
1063 1174 1179 1210 multo
1196 1175 1325 1225 magis,

252 1241 361 1288 quam
381 1237 558 1288 proelium
591 1237 681 1274 male
712 1246 915 1288 pugnaturn
954 1238 1020 1287 [ab
1054 1238 1168 1286 suis]‚
1202 1252 1325 1289 regem

253 1303 460 1340 terrebant:
492 1302 642 1351 quippe,
672 1301 730 1338 cui
751 1315 831 1350 spes
850 1300 965 1336 omnis
984 1301 1019 1336 in
1039 1300 1129 1351 fuga
1161 1302 1243 1344 sita,
1272 1315 1325 1338 se-

251 1366 314 1416 qui
334 1366 562 1416 cogebatur3
592 1374 642 1407 et,
671 1365 733 1413 qui
763 1378 825 1400 sua
844 1364 924 1400 loca
944 1363 1135 1401 defendere
1155 1365 1325 1414 nequive-

251 1438 321 1472 rat,
341 1429 376 1464 in
396 1428 518 1464 alienis
536 1423 671 1464 bellum
691 1440 827 1477 gerere.
863 1427 1005 1463 Tamen
1025 1441 1069 1463 ex
1083 1428 1202 1476 copia,
1224 1429 1325 1477 quod

253 1502 448 1543 optumum
477 1492 680 1535 videbatur,
733 1490 920 1528 consilium
955 1492 1053 1541 capit
1070 1507 1079 1529 :
1124 1493 1324 1530 exercitum

252 1557 466 1607 plerumque
485 1556 520 1591 in
540 1556 654 1592 isdem
684 1554 773 1591 locis
805 1554 963 1604 opperiri
983 1556 1117 1606 jubet3
1145 1556 1220 1606 ipse
1241 1571 1324 1593 cum

252 1620 402 1658 delectis
422 1619 604 1670 equitibus
630 1618 825 1656 Metellum
857 1619 1032 1668 sequitur,
1072 1621 1258 1657 nocturnis
1287 1630 1326 1659 et

251 1685 337 1722 aviis
357 1684 543 1720 itineribus
562 1683 750 1734 ignoratus
785 1683 970 1720 Romanos
990 1683 1143 1733 palantis
1176 1694 1325 1735 repente

252 1749 490 1801 adgreditur:
521 1761 646 1785 eorum
665 1747 828 1796 plerique
859 1747 1009 1784 inermes
1042 1749 1191 1793 cadunt,
1220 1750 1325 1787 multi

253 1814 449 1863 capiuntur
466 1828 476 1857 3
504 1825 609 1848 nemo
628 1811 789 1847 omnium
801 1811 959 1848 intactus
978 1811 1145 1863 profugit
1163 1828 1172 1851 ε
1194 1823 1231 1850 et
1245 1814 1327 1851 Nu-

253 1878 369 1914 midae
396 1877 508 1926 prius,
538 1889 645 1925 quam
677 1889 721 1911 ex
756 1875 880 1911 castris
911 1875 1173 1921 subveniretur,
1216 1878 1322 1915 sicuti

246 1942 337 1993 jussi
356 1950 471 1986 erant,
499 1941 534 1976 in
553 1953 752 1990 proxumos
772 1939 873 1976 collis
894 1939 1096 1977 discedunt.

308 2069 396 2106 LV.
456 2070 643 2106 IN'ri-:Rim
670 2068 810 2105 Romae
830 2068 1002 2118 gaudium
1031 2068 1156 2119 ingens
1186 2077 1326 2113 ortum,

250 2133 408 2185 cognitis
428 2132 572 2171 Metelli
591 2133 697 2171 rebus
715 2148 724 2170 ε
754 2140 796 2170 ut
815 2146 923 2182 seque
942 2141 980 2170 et
999 2133 1199 2171 exercitum
1218 2147 1319 2173 more
