1497 2689
233 315 307 351 166
425 311 740 352 SALLUSTII
769 286 1109 353 JUGURTHA.

226 422 454 474 incorruptos
474 425 660 476 Jugurtha
679 426 882 476 reliquerat,
910 441 954 464 ex
984 427 1078 462 omni
1104 425 1209 476 copia
1236 439 1299 465 ne.

224 489 457 526 cessariorum
479 489 635 539 quinque
656 489 805 541 delegit,
835 505 987 540 quorum
1006 500 1042 528 et
1063 491 1150 527 fidos
1170 490 1298 541 cogni-

223 560 275 595 ta,
303 562 339 589 et
366 553 508 603 ingenia
530 553 752 590 validissuma
780 564 894 590 erant.
952 554 1028 591 Eos
1049 555 1093 591 ad
1123 554 1295 599 Marium,

222 628 264 652 ac
285 616 378 660 dein,
399 617 426 653 si
446 617 600 666 placeat,
625 618 779 655 Romam
798 617 939 669 legatos
958 618 1007 655 ire
1025 619 1155 669 jubet:
1186 632 1296 669 agen-

223 678 348 716 darum
367 695 497 724 rerum,
518 690 553 718 et
571 696 802 732 quocumque
819 682 926 718 modo
941 681 1025 718 belli
1041 682 1295 732 componendi,

220 742 402 781 licentiam
424 745 615 795 permittit.
676 746 732 783 Illi
754 755 891 783 mature
911 746 959 783 ad
985 746 1132 784 hiberna
1161 747 1297 784 Roma-

221 822 348 846 norum
369 810 674 859 proficiscuntur:
705 811 847 854 deinde,
868 811 993 847 itinere
1013 825 1033 847 a
1055 811 1223 850 Gaetulis
1243 811 1295 848 la-

222 874 386 911 tronibus
406 874 639 911 circumventi
661 874 890 925 spoliatique,
918 875 1049 925 pavidi,
1071 876 1144 912 siue
1164 876 1296 913 decore

219 939 266 975 ad
289 939 423 976 Sullam
444 938 671 989 perfugiunt,
692 953 797 989 quem
821 939 958 983 consul,
978 940 1012 975 in
1028 939 1296 989 expeditionem

220 1003 466 1052 proficiscens,
495 1017 561 1052 pro
590 1012 755 1053 praetore
784 1003 988 1053 reliquerat.
1049 1004 1126 1040 Eos
1146 1002 1202 1040 ille
1223 1017 1294 1040 non

220 1082 287 1117 pro
309 1069 404 1104 vanis
425 1068 604 1111 hostibus,
633 1078 673 1105 ut
694 1068 811 1104 meriti
830 1077 944 1111 erant,
973 1068 1035 1104 sed
1063 1067 1233 1104 adcurate
1254 1081 1295 1105 ac

218 1132 415 1170 liberaliter
443 1133 570 1169 habuit
590 1148 600 1175 3
631 1146 701 1182 qua
721 1147 757 1169 re
776 1132 918 1169 barbari
938 1141 974 1168 et
995 1131 1125 1168 famam
1160 1132 1298 1168 Roma-

220 1211 347 1233 norum
367 1197 531 1233 avaritiae
551 1196 689 1240 falsam,
718 1205 753 1232 et
786 1195 922 1233 Sullam
941 1196 989 1232 ob
1010 1196 1293 1233 munificentiam

219 1260 254 1297 in
275 1275 348 1298 sese
368 1262 536 1303 amicum,
556 1261 636 1297 rati.
696 1261 791 1298 Nam
811 1260 919 1297 etiam
940 1269 1018 1297 tum
1037 1259 1183 1310 largitio
1205 1259 1296 1296 mul-

219 1325 265 1362 tis
293 1325 442 1376 ignara:
475 1325 663 1361 munificus
693 1338 797 1361 nemo
827 1324 1037 1373 putabatur,
1068 1324 1132 1359 nisi
1161 1323 1296 1372 pariter

218 1391 363 1428 volens:
395 1391 489 1427 dona
508 1390 628 1426 omnia
647 1390 680 1425 in
701 1388 927 1439 benignitate
957 1389 1197 1425 habebantur.
1258 1389 1295 1425 I-

218 1455 318 1506 gitur
336 1455 517 1505 quaestori
538 1454 705 1490 mandata
739 1453 878 1490 Bocchi
908 1452 1158 1502 patefaciunt3
1190 1452 1295 1489 simul

218 1520 262 1556 ab
283 1533 326 1556 eo
346 1527 490 1568 petunt,
511 1518 564 1555 uti
585 1517 706 1554 fautor
725 1516 984 1566 consultorque
1005 1517 1071 1553 sibi
1093 1517 1184 1553 adsit
1201 1531 1210 1554 :
1233 1530 1297 1553 co-

217 1583 307 1633 pias,
328 1583 447 1626 fidem,
468 1581 753 1633 magnitudinem
768 1581 862 1631 regis
882 1581 948 1624 sui,
969 1589 1006 1618 et
1021 1580 1102 1624 alia,
1123 1594 1215 1630 quae
1231 1589 1295 1618 aut

218 1647 319 1684 utilia
333 1655 395 1683 aut
409 1645 678 1683 benevolentiae
693 1645 901 1688 credebant,
917 1645 1079 1681 oratione
1093 1644 1292 1683 extollunt:

218 1711 312 1754 dein,
347 1710 447 1748 Sulla
475 1709 594 1746 omnia
619 1708 797 1759 pollicito,
827 1709 940 1752 docti,
972 1723 1044 1758 quo
1065 1708 1173 1744 modo
1194 1709 1293 1758 apud

219 1775 392 1819 Marium,
413 1775 499 1811 item
519 1774 617 1823 apud
637 1782 799 1810 senatum
820 1774 927 1811 verba
945 1773 1121 1818 facerent,
1147 1773 1294 1811 circiter

218 1840 293 1877 dies
316 1853 381 1877 112.
403 1838 537 1876 ibidem
557 1838 787 1888 operiuntur.

272 1968 381 2005 CIV.
413 1968 606 2011 Manuos,
626 1976 833 2017 postquam,
854 1966 1006 2011 infecto,
1032 1981 1106 2017 quo
1132 1966 1306 2013 intende--

218 2041 286 2076 rat,
300 2032 463 2083 negotio,
485 2032 626 2070 Cirtam
642 2032 748 2075 redit,
765 2032 808 2069 de
825 2032 980 2069 adventu
995 2032 1200 2083 legatorum
1220 2045 1297 2068 cer-

220 2098 291 2134 tior
311 2096 446 2142 factus,
467 2097 619 2146 illosque
639 2106 676 2133 et
699 2096 836 2133 &ullam
858 2097 972 2133 venire
988 2098 1106 2148 jubet,
1135 2096 1220 2132 item
1242 2095 1293 2133 L.

222 2161 420 2202 Bellienum
441 2169 643 2214 praetorem
662 2160 789 2205 Utica,
804 2170 988 2211 praeterea
1003 2160 1117 2198 omnis
1134 2160 1295 2211 undique
