1497 2689
169 315 244 351 100
362 311 679 351 SALLUSTII
708 311 1055 352 JUGURTHA.

223 425 472 463 XXXVIII.
529 423 601 461 Aa·
622 424 826 476 Jugurtha,
850 425 1001 476 cognita
1014 424 1172 461 vanitate
1192 433 1251 461 at..

171 503 240 539 que
259 489 436 539 imperitia
449 488 575 540 legati,
596 488 770 525 subdolus
782 502 913 540 augere
929 489 1119 526 amentiam
1137 503 1146 526 ε
1169 489 1251 525 mis-

171 553 277 590 sitare
297 553 533 603 supplicantis
564 553 733 605 legatos:
777 553 867 602 ipse,
897 554 997 605 quasi
1020 553 1252 598 vitabundus,

170 632 236 667 per
255 617 412 655 saltuosa
430 617 512 654 loca
530 626 568 655 et
587 619 749 655 tramites
763 617 964 655 exercitum
979 618 1142 655 ductare.
1173 619 1253 656 De-

172 682 281 732 nique
301 682 447 719 Aulum
467 696 529 732 spe
548 683 727 732 pactionis
745 682 919 733 perpulit,
948 683 1016 727 uti,
1036 682 1162 720 relicto
1183 684 1255 721 Su-

173 747 290 792 thule,
319 748 354 784 in
374 747 516 784 abditas
536 747 702 799 regiones
723 761 811 791 sese,
839 747 950 784 veluti
969 748 1173 791 cedentem,
1201 748 1255 784 in-.-

173 821 396 861 sequeretur.
457 811 602 848 Interea
619 825 685 861 per
703 811 866 848 homiues
881 810 1030 848 callidos
1049 811 1106 848 die
1125 820 1256 848 noctu-

174 891 244 926 que
265 876 466 914 exercitum
484 877 651 913 tentabat
668 891 677 914 :
709 876 951 920 centuriones,
980 876 1165 925 ducesque
1178 884 1257 912 tur-

174 954 326 990 marum,
368 940 500 990 partim
533 941 587 976 uti
620 939 904 991 transfugerent,
943 943 1196 990 [corrumpere
1214 941 1250 989 3]

173 1004 244 1049 alii,
274 1005 379 1055 signo
400 1005 501 1048 dato,
529 1004 652 1041 locum
679 1004 733 1041 uti
766 1005 995 1042 desererent:
1039 1004 1091 1041 ita
1122 1003 1257 1041 delicta

173 1069 375 1108 occultiora
394 1068 484 1105 fore.
530 1070 635 1118 Quae
650 1069 845 1118 postquam
865 1084 908 1106 ex
930 1069 1108 1106 sententia
1125 1069 1259 1105 instru-

173 1134 216 1177 it,
245 1134 463 1183 intempesta
482 1142 590 1170 nocte
610 1134 654 1170 de
683 1133 876 1183 improviso
909 1134 1141 1172 multitudine
1176 1134 1258 1172 Nu-

174 1198 351 1234 midarum
370 1197 466 1234 Auli
485 1206 603 1234 castra
618 1198 866 1235 circumvenit.
924 1197 1067 1236 Milites
1086 1198 1258 1241 Romani,

175 1261 337 1299 tumultu
357 1261 511 1311 perculsi
531 1261 691 1305 insolito,
712 1276 809 1298 arma
828 1276 957 1312 capere
978 1263 1049 1306 alii,
1068 1262 1125 1299 alii
1145 1277 1180 1299 se
1194 1263 1259 1299 ab·-

176 1326 274 1369 dere,
303 1340 385 1376 pars
417 1326 565 1362 territos
594 1326 835 1372 confirmare3
875 1327 1056 1377 trepidare
1088 1328 1257 1364 omnibus

176 1391 289 1428 locis:
321 1391 371 1427 vis
391 1404 523 1442 magna
541 1390 703 1427 hostium
722 1405 732 1435 ;
762 1390 904 1427 coelum
933 1400 1041 1428 nocte
1061 1399 1170 1442 atque
1191 1406 1260 1428 nu-

176 1455 282 1493 bibus
303 1455 564 1499 obscuratumg,
593 1454 795 1503 periculum
815 1468 946 1504 anceps
964 1470 973 1492 :
996 1463 1181 1504 postremo
1202 1455 1260 1492 fu-

178 1535 277 1572 gere,
306 1534 349 1556 an
370 1533 524 1563 manere,
553 1519 669 1555 tutius
688 1518 798 1563 foret,
826 1519 861 1554 in
876 1519 1015 1556 incerto
1035 1530 1124 1556 erat.
1184 1520 1259 1557 Sed

177 1600 220 1622 ex
241 1599 284 1621 eo
305 1598 468 1627 numero,
497 1597 588 1633 quos
608 1582 731 1632 paullo
751 1592 834 1620 ante
864 1592 1058 1633 corruptos
1089 1584 1258 1629 diximus,

178 1651 309 1687 cohors
330 1663 400 1686 una
420 1649 605 1700 Ligurum
628 1662 711 1685 cum
732 1649 871 1685 duabus
893 1649 1021 1685 turmis
1052 1648 1258 1694 Thracum,

124 1742 128 1748 ›
179 1725 215 1753 et
236 1715 359 1765 paucis
381 1714 558 1766 gregariis
578 1713 766 1757 militibus,
793 1714 964 1751 transiere
984 1715 1029 1751 ad
1048 1728 1172 1765 regem
1189 1730 1198 1752 :
1221 1723 1258 1751 et

180 1780 344 1818 centurio
364 1779 470 1829 primi
489 1778 552 1828 pili
581 1778 708 1824 tertiae
737 1778 892 1829 legionis
912 1792 976 1828 per
1007 1778 1258 1823 munitionem,

180 1858 302 1893 quarn,
332 1845 386 1880 uti
405 1842 630 1886 defenderet,
658 1852 862 1892 acceperat,
889 1842 1013 1879 locum
1026 1843 1193 1879 hostibus
1207 1843 1261 1879 in·-

180 1910 349 1948 tro'c'undi
383 1909 484 1946 dedit
502 1924 511 1947 :
554 1922 667 1958 eaque
702 1907 882 1945 Numidae
917 1907 1041 1946 cuncti
1084 1907 1257 1957 irrupere.

182 1974 311 2012 Nostri
330 1973 438 2012 foeda
469 1973 572 2024 fuga,
600 1972 763 2022 plerique
793 1972 942 2023 abjectis
973 1972 1092 2016 armis,
1121 1962 1260 2022 proxu-

179 2054 278 2076 mum
298 2039 428 2077 collem
447 2051 683 2088 occupavere.
741 2038 828 2075 Nox
849 2046 957 2087 atque
970 2037 1104 2086 praeda
1121 2047 1260 2073 castro-

180 2119 260 2141 rum
280 2105 417 2147 hostes,
446 2117 518 2153 quo
538 2102 654 2138 minus
672 2102 824 2138 victoria
852 2111 1052 2144 uterentur,
1080 2110 1260 2141 remorata

180 2178 276 2213 sunt.
335 2169 433 2207 Dein
455 2167 641 2218 Jugurtha
660 2175 806 2216 postero
828 2167 882 2204 dic
905 2180 987 2204 cum
1008 2166 1115 2204 Aulo
1130 2166 1258 2209 in‘colf
