1451 2719
303 308 620 350 SALLUSTII
649 307 990 348 JUGURTHA.
1106 311 1180 351 137

154 421 402 460 LXXVIII.
436 421 483 459 ID
515 422 692 472 oppidum
721 423 766 458 ab
798 420 955 459 Sidoniis
973 420 1177 467 conditum,

100 499 193 536 quos
211 485 431 536 accepimus,
452 485 630 537 profugos
649 487 698 523 ob
718 485 915 523 discordias
934 484 1061 528 civilis,
1081 486 1174 522 navi-

99 551 167 588 bus
194 551 229 587 in
257 564 319 588 eos
346 550 448 588 locos
470 552 603 588 venisse
621 567 630 589 :
661 560 823 588 ceterum
843 551 953 587 situm
972 550 1065 587 inter
1084 551 1174 589 duas

100 614 233 665 Syrtis,
254 615 386 665 quibus
406 629 533 652 nomen
549 629 593 652 ex
610 630 647 652 re
662 615 826 652 inditum.
886 614 982 652 Nam
1001 614 1074 651 duo
1091 624 1175 652 sunt

98 679 195 716 sinus
213 694 330 730 prope
345 680 379 716 in
394 690 557 718 extrema
573 679 722 724 Africa,
741 679 892 729 impares
907 680 1174 731 magnitudine,

95 744 173 794 pari
193 753 344 782 natura:
375 758 530 795 quorum
550 756 727 795 proxuma
745 753 861 781 terme
880 743 1038 794 praealta
1059 753 1143 782 sunt
1161 761 1172 790 ;

96 817 231 852 cetera,
251 809 305 846 uti
321 808 395 845 fors
407 809 507 853 tulit,
526 808 599 845 alta
616 823 626 854 ς
656 807 723 845 alia
742 807 776 844 in
792 816 1010 858 tempestate
1025 808 1171 845 vadosa.

98 872 210 918 Nam,
231 874 294 911 ubi
314 887 410 910 mare
430 887 603 925 magnum
622 886 711 917 esse,
730 882 768 910 et
789 872 921 909 saevire
941 872 1069 916 ventis,
1091 886 1175 910 coe-

92 936 163 987 pit,
192 937 317 974 limum
345 951 559 988 arenamque
587 946 625 974 et
653 950 738 973 saxa
766 936 926 988 ingentia
946 936 1080 973 fluctus
1098 946 1174 973 tra-

94 1001 188 1038 hunt
205 1016 215 1039 :
245 1002 297 1038 ita
322 1000 432 1039 facies
449 1001 614 1038 locorum
632 1015 716 1038 cum
736 1001 850 1038 ventis
870 1001 975 1037 simul
994 1010 1169 1038 mutatur.

96 1065 187 1117 Ejus
207 1065 364 1102 civitatis
382 1065 506 1116 lingua
526 1065 637 1102 modo
652 1078 823 1102 conversa
836 1066 1018 1102 connubio
1040 1065 1173 1104 Numi-

93 1129 220 1167 darum
236 1145 246 1167 :
267 1129 367 1182 leges
386 1129 581 1179 cultusque
601 1128 771 1179 pleraque
793 1129 964 1166 Sidonica
983 1145 993 1174 ;
1015 1143 1106 1179 quae
1126 1144 1171 1167 eo

94 1194 234 1232 facilius
253 1195 470 1238 retinebant,
495 1195 596 1244 quod
615 1194 744 1244 procul
763 1195 808 1231 ab
827 1195 980 1244 imperio
999 1196 1094 1246 regis
1113 1209 1170 1232 ae-

93 1267 207 1297 tatem
221 1261 393 1312 agebant.
444 1260 546 1296 Inter
559 1258 639 1296 illos
653 1267 692 1296 et
706 1257 934 1308 frequentem
954 1258 1167 1297 Numidiam

93 1323 199 1361 multi
219 1324 382 1374 vastique
401 1323 473 1360 loci
491 1331 606 1360 erant.

146 1451 348 1490 LXXIX.
371 1451 468 1495 SED,
483 1448 654 1501 quoniam
667 1450 702 1487 in
718 1451 782 1488 has
796 1450 961 1502 regiones
979 1465 1045 1501 per
1066 1452 1169 1502 Lep-

92 1516 290 1554 titanorum
317 1516 467 1567 negotia
495 1515 666 1559 venimus,
700 1529 771 1552 non
804 1516 992 1567 indignum
1027 1516 1170 1553 videtur

92 1581 282 1632 egregium
308 1589 420 1630 atque
450 1578 610 1616 mirabile
630 1578 769 1616 facinus
788 1579 943 1616 duorum
971 1580 1170 1632 Carthagi-

93 1644 267 1682 niensium
280 1657 500 1682 memorare:
522 1656 600 1680 eam
621 1657 694 1680 rem
714 1643 816 1681 locus
835 1644 1036 1682 admonuit.
1082 1647 1169 1696 Qua

91 1718 310 1759 tempestate
325 1707 642 1759 Carthaginienses
654 1706 845 1758 pleraeque
858 1707 1011 1746 Africae
1023 1710 1169 1761 imperi-

92 1773 235 1818 tabant,
269 1773 494 1822 Cyrenenses
528 1785 675 1822 quoque
706 1771 828 1823 magni
861 1781 971 1822 atque
999 1772 1165 1824 opulenti

92 1835 205 1874 fuere.
262 1837 373 1888 Ager
390 1836 424 1872 in
445 1835 564 1872 medio
583 1848 766 1880 arenosus,
785 1849 856 1873 una
875 1837 1020 1887 specie:
1051 1851 1169 1888 neque

91 1901 240 1946 flumen,
256 1915 372 1951 neque
387 1914 489 1938 mons
503 1909 594 1945 erat,
609 1900 672 1950 qui
688 1899 767 1936 finis
781 1914 906 1938 eorum
920 1902 1138 1940 discerneret
1153 1919 1165 1949 ;

91 1979 185 2015 quae
203 1979 258 2002 res
278 1978 340 2002 eos
368 1965 403 2001 in
423 1977 570 2016 magno,
600 1964 786 2009 diuturno,
814 1963 909 2002 bello
938 1965 1032 2004 inter
1050 1981 1086 2005 se
1105 1967 1169 2004 ha-

91 2029 185 2067 buit.
256 2029 458 2079 Postquam
486 2028 670 2078 utrimque
698 2028 871 2080 legiones,
904 2031 991 2068 item
1024 2032 1167 2077 classes,

91 2093 192 2132 susae
225 2093 462 2146 fugataeque,
493 2102 532 2131 et
563 2093 666 2131 alteri
694 2093 826 2132 alteros
854 2094 1078 2146 aliquantum
1107 2099 1171 2135 ad-

91 2160 262 2198 triverant
278 2175 291 2205 3
320 2160 437 2204 veriti,
456 2173 499 2196 ne
519 2172 604 2196 mox
625 2158 740 2196 victos
759 2159 987 2211 victoresque
1007 2162 1166 2200 defessos

617 2222 642 2259 S
