1451 2719
261 269 573 312 SALLUSTII
606 267 993 308 FRAGMENTA.
1086 268 1164 304 215

150 384 285 434 Atque
313 381 424 420 hiavit
453 381 585 418 humus
618 380 745 425 multa,
774 388 872 417 vasta
901 387 938 416 et
970 377 1162 428 profunda,

100 449 221 487 Idem:
252 447 380 490 Hiar-e,
408 447 558 498 aperire.

155 512 296 549 Rursus
312 513 475 562 jumenta
495 510 590 546 nacti
609 509 655 545 ad
673 508 850 558 oppidum
866 507 914 544 ire
926 506 1166 544 contendunt.

99 575 247 613 Nonius.

153 639 233 678 Ubi
253 652 289 676 se
308 639 439 675 laniata
459 637 599 688 navigia
617 637 731 674 fundo
758 644 962 687 emergunt.
1019 619 1172 672 Arusiiz-

99 719 174 740 nus-

152 769 254 807 Tum
269 783 353 806 vero
371 768 524 818 Bithyni
538 768 820 817 propinquantes
834 768 909 818 jam
923 778 1062 802 amnem
1077 763 1173 802 Tar-

100 834 251 871 tanium.
310 833 418 870 Idem.

154 898 232 935 Eos
253 897 315 947 qui
336 897 407 933 hoc
428 895 561 932 malum
589 895 776 944 publicum
795 893 1024 932 clandestinis
1057 891 1175 930 consi-

100 961 158 998 liis
178 968 488 1010 comparaverunt.
547 960 695 996 Nonius.

158 1025 201 1061 In
222 1026 305 1074 quis
325 1023 547 1060 notissumus
565 1022 718 1072 quisque
750 1031 814 1059 aut
847 1022 939 1059 malo
969 1021 1177 1071 dependens

102 1089 371 1131 verberabatur,
391 1095 468 1131 aut,
486 1086 703 1124 immutilato
723 1100 888 1136 corpore,
917 1087 1085 1136 improbo
1113 1098 1178 1135 pa-

101 1152 220 1189 tibulo
238 1152 395 1205 eminens
423 1151 665 1201 adfigebatur.
742 1151 868 1189 Idem:
902 1150 1098 1188 Patibulum
1130 1158 1178 1194 πῄ

104 1231 204 1254 crux.

159 1279 230 1317 Ad
250 1278 409 1316 Siciliam
428 1292 578 1330 vergens
598 1277 764 1316 faucibus
794 1292 865 1315 non
895 1278 1047 1328 amphus
1077 1286 1179 1329 patet

108 1342 266 1381 millibus
285 1357 320 1379 ν.
341 1350 378 1379 et
398 1355 486 1378 xxx.
546 1342 700 1381 Messus.

158 1405 283 1444 Clausi
302 1405 475 1442 lateribus
495 1405 638 1455 pedem.
696 1406 805 1443 Idem.

162 1470 346 1520 Naphtas.
405 1470 543 1507 Probus
565 1469 764 1507 Catholicis.

459 1611 581 1635 ιιΒεκ
614 1611 823 1643 Quium-us.

162 1727 234 1764 Ar
266 1724 462 1769 Lucullus,
495 1725 620 1763 audito
649 1728 701 1777 Q.
733 1727 915 1765 Marcium
945 1729 1087 1782 Regem
1116 1745 1183 1781 pro

109 1790 255 1829 consule
274 1803 339 1846 per
359 1789 587 1839 Lycaoniam
607 1804 690 1827 curn
709 1790 825 1829 tribus
842 1791 1047 1843 legionibus
1066 1795 1101 1831 in
1122 1795 1186 1833 Ci-

113 1855 234 1893 liciam
253 1854 412 1891 tendere.
471 1855 689 1900 Priscianus,
708 1854 765 1892 lib.
782 1858 884 1894 xviii.

165 1918 352 1970 Legiones
373 1917 599 1963 valerianae,
619 1928 824 1969 comperto,
853 1919 934 1972 lege
950 1920 1108 1960 Gabinia
1123 1923 1187 1961 Bi-

110 1983 290 2034 thyniam,
317 1992 355 2020 et
377 1983 537 2020 Pontum
557 1983 695 2020 consuli
714 1983 849 2029 datam,
879 1999 953 2023 sese
976 1986 1101 2025 missos
1129 2001 1186 2026 es?

113 2062 161 2090 se.
220 2047 316 2086 Idem
335 2048 465 2086 ibidem.

170 2112 311 2164 Regem
331 2113 570 2150 aversabatur.
628 2112 841 2153 Arusianus.
