1451 2719
342 311 658 351 sALLUSTH
689 311 1027 352 JUGURTHA.
1167 312 1217 349 93

144 422 309 474 plerique
327 423 473 460 caedem
505 423 538 459 in
560 437 621 460 vos
653 423 790 468 fecisse,
821 437 887 474 pro
916 422 1136 459 munimento
1156 421 1220 457 ha-

148 489 250 526 bent.
310 489 382 532 Ita,
403 502 510 538 quam
530 489 681 538 quisque
701 502 863 538 pessume
885 487 984 530 fecit,
1004 496 1077 522 tarn
1098 499 1221 522 maxu-

149 565 205 589 me
224 562 326 589 tutus
341 561 395 589 est
415 567 423 589 :
455 562 592 589 metum
611 566 631 588 a
650 552 778 589 scelere
799 566 863 588 suo
884 551 928 587 ad
948 549 1125 601 ignaviam
1146 563 1223 586 ves-

148 623 243 652 tram
262 615 475 653 transtulere
494 632 504 660 ;
535 630 625 666 quos
644 615 759 652 omnis
778 615 901 652 eadem
921 628 1069 663 cupere,
1097 613 1221 649 eadem

148 679 279 723 odisse,
309 679 433 716 eadem
465 689 623 717 metuere
653 680 686 716 in
719 693 828 716 unum
857 678 1005 730 co'e'git:
1044 678 1106 714 sed
1134 678 1222 714 haec

150 742 246 780 inter
274 745 391 780 bonos
411 743 565 781 amicitia
584 753 652 788 est,
682 743 776 781 inter
794 742 905 780 malos
926 743 1050 779 factio.
1078 780 1080 783 ,
1110 741 1223 791 Quod

149 806 177 843 si
196 815 271 843 tam
289 806 466 844 libertatis
494 821 616 844 curam
636 807 828 850 haberetis,
850 821 956 856 quam
977 805 1026 842 illi
1046 806 1090 842 ad
1111 805 1225 842 domi-

150 871 334 908 nationem
360 871 498 907 accensi
527 880 609 908 sunt
627 887 637 916 3
666 870 835 921 profecto
856 885 971 920 neque
991 885 1045 907 res
1065 869 1223 920 publica,

150 933 256 971 sicuti
277 948 384 978 nunc,
406 944 617 979 vastaretur,
645 945 683 972 et
702 935 874 972 beneficia
894 945 1010 972 vestra
1029 949 1137 985 penes
1157 949 1226 984 op-

149 1008 284 1042 tumos,
315 1013 386 1035 non
417 1000 698 1043 audacissumos,
732 999 864 1036 forent.
924 999 1082 1051 Majores
1104 999 1225 1043 vestri,

148 1063 295 1112 parandi
310 1063 400 1114 juris
419 1072 456 1099 et
477 1065 671 1114 majestatis
699 1064 973 1100 constituendae
999 1064 1128 1114 gratia,
1157 1064 1226 1107 bis,

149 1139 215 1175 per
234 1126 484 1169 secessionem,
505 1127 630 1162 armati
652 1126 880 1163 Aventinum
895 1141 1141 1176 occupavere:
1164 1140 1226 1162 vos

149 1202 219 1238 pro
247 1187 428 1232 libertate,
458 1202 565 1238 quam
593 1189 638 1226 ab
667 1189 734 1225 illis
762 1190 964 1239 accepistis,
995 1204 1065 1226 non
1090 1202 1228 1227 summa

149 1265 221 1302 ope
249 1252 411 1289 nitemini
429 1253 441 1290 ?
477 1262 586 1302 atque
614 1266 658 1289 eo
692 1253 949 1297 vehementius,
983 1254 1083 1303 quod
1116 1256 1228 1305 majus

150 1315 307 1353 dedecus
326 1325 381 1353 est
401 1325 506 1366 parta
525 1315 705 1361 amittere,
734 1331 843 1366 quam
861 1317 1006 1353 omnino
1027 1332 1097 1354 non
1126 1331 1231 1367 para-

150 1381 239 1418 visse
256 1382 270 1419 ?
307 1381 422 1419 Dicet
438 1381 578 1431 aliquis,
600 1381 703 1432 Quid
717 1382 831 1433 igitur
849 1396 970 1419 censes
987 1384 1000 1420 ?
1028 1383 1227 1420 Vindican-

152 1445 238 1482 dum
257 1445 294 1482 in
313 1459 388 1488 eos,
419 1445 481 1495 qui
501 1445 598 1482 hosti
628 1445 819 1495 prodidere
840 1446 1098 1496 rempublicam
1117 1462 1126 1484 :
1156 1461 1228 1483 non

153 1521 276 1553 manu,
296 1523 413 1558 neque
434 1509 480 1553 vi,
501 1509 601 1558 quod
621 1509 734 1560 magis
755 1508 894 1553 fecisse,
923 1523 1031 1560 quam
1050 1510 1116 1547 illis
1137 1510 1231 1548 acci-

153 1572 260 1616 disse,
280 1573 470 1624 indignum
488 1588 499 1617 ;
529 1586 650 1610 verum
671 1573 940 1622 quaestionibus
960 1583 997 1610 et
1017 1574 1149 1611 indicio
1175 1575 1231 1624 ip-

154 1637 226 1674 sius
245 1637 450 1688 Jugurthae
468 1652 478 1675 z
500 1637 576 1687 qui,
601 1637 630 1673 si
649 1636 841 1674 dediticius
860 1646 928 1681 est,
941 1636 1109 1687 profecto
1124 1639 1230 1689 jussis

155 1702 280 1739 vestris
308 1702 480 1739 obediens
508 1702 602 1739 erit:
634 1701 686 1738 sin
706 1714 747 1738 ea
767 1701 979 1745 contemnit,
1008 1701 1145 1739 scilicet
1168 1717 1232 1740 ex-

154 1766 387 1811 istumabitis,
417 1766 532 1816 qualis
560 1765 619 1802 illa
647 1779 731 1815 an,
761 1774 823 1802 aut
852 1766 1002 1811 deditio,
1030 1781 1074 1804 ex
1096 1781 1166 1817 qua
1185 1769 1231 1805 ad

153 1831 377 1882 Jugurtham
397 1830 572 1868 scelerum
598 1829 806 1879 impunitas,
834 1830 880 1866 ad
908 1844 1043 1880 paucos
1070 1833 1232 1881 potentis

153 1907 340 1932 maxumae
361 1894 519 1938 divitiae,
539 1894 574 1930 in
594 1893 852 1943 rempublicam
872 1895 1012 1938 damna,
1039 1896 1231 1941 dedecora,

154 1958 395 2008 pervenerint.
454 1957 533 1995 Nisi
562 1956 657 1994 forte
677 1957 837 1994 nondum
863 1957 970 1994 etiam
989 1972 1052 1995 vos
1071 1959 1233 1997 domina-

155 2023 264 2060 tionis
293 2036 419 2060 eorum
440 2022 586 2059 satietas
604 2030 720 2066 tenet,
747 2030 785 2058 et
804 2021 876 2066 illa,
905 2035 1014 2072 quam
1031 2023 1120 2060 haec
1140 2033 1232 2061 tem-

154 2100 257 2137 pora,
285 2087 401 2139 magis
430 2086 588 2136 placent,
617 2099 701 2122 cum
720 2099 844 2136 regna,
873 2086 1090 2135 provinciae,
1119 2087 1231 2139 leges,

150 2154 245 2204 jura,
259 2151 409 2205 judicia,
424 2150 532 2196 bella,
551 2163 671 2202 paces,
692 2158 877 2201 postremo
893 2150 1011 2188 divina
1026 2160 1063 2189 et
1077 2151 1232 2199 humana
