1451 2719
559 297 861 336 INDEX.
1174 295 1250 332 245

231 417 269 446 et
288 408 477 453 educatus,
507 409 662 446 militum
683 411 908 447 tribunatum
938 406 1054 457 primo
1082 407 1249 454 adeptus,

227 472 310 509 inde
325 473 369 509 ad
386 473 473 509 alios
489 474 667 523 gradatim
688 474 921 525 magistratus
940 479 1108 515 evectus;
1129 483 1148 506 a
1166 469 1251 506 Me-

229 537 316 575 tello
346 540 496 588 petundi
526 540 643 590 gratia
670 540 871 577 missionem
900 547 1006 589 rogat
1041 539 1126 581 124,
1160 539 1245 574 125.

228 600 385 639 Metello
415 603 630 640 dehortante
660 604 882 648 accenditur,
915 612 952 639 et
977 602 1146 638 adversus
1164 611 1247 637 eum

227 666 400 705 Gaudam
428 668 589 704 concitat
623 670 708 711 126,
743 670 826 708 127.
857 681 876 703 a
905 665 1062 704 Metello
1083 665 1249 701 dimissus

231 732 317 768 132.
333 731 559 768 consulatum
573 732 730 775 obtinet,
746 741 783 769 et
796 732 990 782 imperator
1003 730 1170 767 adversus
1183 729 1249 767 Ju-

227 794 399 846 gurtham
415 806 556 832 creatur
575 798 659 833 133.
677 796 786 833 habet
799 796 999 832 orationem
1012 795 1058 832 ad
1070 793 1246 844 populum

230 861 316 896 142.
339 860 373 895 in
395 858 566 896 Africam
586 860 842 909 proficiscitur,
871 867 922 904 et,
949 860 1100 898 Uticam
1123 858 1251 895 advec-

225 931 299 966 tus,
327 924 527 960 exercitum
556 937 575 959 a
608 923 749 960 Rutilio
779 924 954 961 traditum
987 923 1124 973 accipit
1162 924 1248 960 148.

225 986 384 1036 Capsam
413 987 571 1024 incendit
605 991 690 1025 153.
721 987 981 1038 castellumque
1009 988 1109 1025 haud
1137 987 1248 1039 longe

227 1063 247 1086 a
268 1050 412 1087 flumine
434 1050 614 1088 Mulucha
634 1053 756 1096 situm,
785 1052 936 1104 Liguris
956 1053 1143 1105 cujusdam
1162 1067 1250 1102 ope-

227 1127 279 1158 ra,
299 1114 398 1164 capit
419 1118 504 1158 154,
523 1119 592 1152 &c.
618 1115 757 1153 Bocchi
773 1125 810 1153 et
826 1117 1032 1167 Jugurthae
1047 1116 1249 1154 exercitum

227 1178 283 1215 bis
303 1176 423 1215 fundit
449 1181 664 1217 159—161.
696 1175 822 1217 absens
842 1179 884 1217 fit
903 1180 1043 1224 consul,
1075 1180 1249 1219 Galliam-
1294 1206 1297 1208 -

226 1254 296 1292 que
315 1242 537 1291 provinciam
557 1244 804 1293 consequitur,
824 1254 861 1281 et
881 1244 1082 1294 triumphat
1108 1246 1193 1284 174.

175 1303 368 1342 Masinissa
396 1304 638 1343 Numidarum
658 1320 734 1350 rex,
763 1307 797 1343 in
819 1307 1012 1345 amicitiam
1030 1321 1050 1344 a
1078 1307 1247 1358 Scipione

230 1379 411 1419 receptus,
450 1370 769 1422 Carthaginienses
801 1370 926 1416 vincit,
963 1380 1002 1409 et
1041 1372 1249 1422 Syphacem

229 1434 329 1484 capit
359 1437 422 1473 65.

177 1497 348 1542 Massiva,
370 1498 552 1536 Gulussae
572 1498 678 1543 filius,
709 1497 920 1536 Masinissae
939 1511 1066 1550 nepos,
1095 1513 1246 1550 regnum

228 1561 421 1599 Numidiae
440 1562 589 1599 affectat
606 1565 668 1602 97.
685 1563 707 1600 J
711 1562 890 1614 ugurthae
905 1566 1006 1614 jussu
1025 1577 1091 1613 per
1105 1563 1250 1601 insidias

227 1625 470 1662 obtruncatur
490 1628 552 1664 98.

175 1688 371 1726 Memmius
400 1689 536 1726 tribun.
558 1689 655 1739 pleb.
677 1689 723 1726 ad
751 1689 928 1740 populum
947 1690 1053 1727 verba
1074 1690 1161 1728 facit
1184 1692 1247 1729 91.

229 1752 356 1790 suadet
377 1753 431 1790 uti
449 1753 635 1805 Jugurtha
658 1754 814 1791 Romam
844 1766 909 1804 per
936 1754 1117 1798 Cassium,
1145 1759 1248 1804 prae-

227 1826 359 1862 torem,
375 1817 617 1854 adduceretur
631 1816 842 1868 interposita
858 1814 928 1856 fide
942 1818 1091 1870 publica
1106 1822 1168 1858 95.
1185 1819 1248 1856 ad-

228 1881 381 1918 ductum
401 1891 548 1919 accusat
568 1876 631 1920 96.

175 1943 350 1982 Metellus
379 1945 510 1995 Quint.
542 1945 649 1983 Celer
676 1955 824 1995 praetor
850 1946 884 1983 in
914 1961 1042 1998 agrum
1072 1944 1248 1986 Picenum

225 2008 385 2046 mittitur
415 2011 477 2047 24.
511 2011 561 2060 Q.
595 2009 769 2048 Metellus
800 2011 968 2049 Creticus
997 2012 1032 2049 in
1064 2009 1246 2063 Apuliam

227 2073 387 2111 mittitur
405 2074 450 2111 ib.
482 2073 671 2118 Metellus,
700 2088 784 2112 cum
806 2074 930 2113 Silano
948 2075 1088 2120 consul,
1117 2077 1246 2115 Numi-

227 2137 325 2175 diam
345 2139 497 2177 sortitur
520 2141 605 2178 105.
635 2138 776 2191 legatos
795 2153 816 2177 a
838 2140 1024 2191 Jugurtha
1042 2141 1088 2178 ad
1108 2155 1144 2179 se
1163 2141 1246 2178 mis-
