<?xml version="1.0" encoding="UTF-8"?>
<!DOCTYPE html PUBLIC "-//W3C//DTD XHTML 1.0 Transitional//EN"
    "http://www.w3.org/TR/xhtml1/DTD/xhtml1-transitional.dtd">
<html xmlns="http://www.w3.org/1999/xhtml" xml:lang="en" lang="en">
 <head>
  <title>
</title>
<meta http-equiv="Content-Type" content="text/html;charset=utf-8" />
  <meta name='ocr-system' content='tesseract 3.04.00' />
  <meta name='ocr-capabilities' content='ocr_page ocr_carea ocr_par ocr_line ocrx_word'/>
</head>
<body>
  <div class='ocr_page' id='page_1' title='image "./quaesupersuntope00salluoft_0210.png"; bbox 0 0 1497 2689; ppageno 0'>
   <div class='ocr_carea' id='block_1_1' title="bbox 250 315 1148 360">
    <p class='ocr_par' dir='ltr' id='par_1_1' title="bbox 250 315 1148 360">
     <span class='ocr_line' id='line_1_1' title="bbox 250 315 1148 360; baseline 0.002 -4"><span class='ocrx_word' id='word_1_1' title='bbox 250 320 325 357; x_wconf 81' lang='lat'><strong>196</strong></span> <span class='ocrx_word' id='word_1_2' title='bbox 411 315 725 356; x_wconf 83' lang='lat' dir='ltr'>SALLUSTII</span> <span class='ocrx_word' id='word_1_3' title='bbox 756 318 1148 360; x_wconf 85' lang='lat' dir='ltr'>FRAGMENTA.</span> 
     </span>
    </p>
   </div>
   <div class='ocr_carea' id='block_1_2' title="bbox 251 428 1329 2219">
    <p class='ocr_par' dir='ltr' id='par_1_2' title="bbox 252 428 1320 532">
     <span class='ocr_line' id='line_1_2' title="bbox 302 428 1320 482; baseline 0.004 -15"><span class='ocrx_word' id='word_1_4' title='bbox 302 428 435 479; x_wconf 88' lang='lat' dir='ltr'>Neque</span> <span class='ocrx_word' id='word_1_5' title='bbox 454 428 633 474; x_wconf 79' lang='lat' dir='ltr'><strong>subsidiis,</strong></span> <span class='ocrx_word' id='word_1_6' title='bbox 655 429 711 467; x_wconf 77' lang='lat' dir='ltr'><strong>uui</strong></span> <span class='ocrx_word' id='word_1_7' title='bbox 728 430 898 476; x_wconf 75' lang='lat' dir='ltr'><strong>soluerat,</strong></span> <span class='ocrx_word' id='word_1_8' title='bbox 918 432 1142 482; x_wconf 76' lang='lat' dir='ltr'><strong>compositis.</strong></span> <span class='ocrx_word' id='word_1_9' title='bbox 1201 433 1320 471; x_wconf 83' lang='lat' dir='ltr'><strong>Prisc.</strong></span> 
     </span>
     <span class='ocr_line' id='line_1_3' title="bbox 252 492 1052 532; baseline 0.003 -2"><span class='ocrx_word' id='word_1_10' title='bbox 252 493 309 531; x_wconf 78' lang='lat' dir='ltr'><strong>lib.</strong></span> <span class='ocrx_word' id='word_1_11' title='bbox 332 509 369 530; x_wconf 81' lang='lat' dir='ltr'><strong>x.</strong></span> <span class='ocrx_word' id='word_1_12' title='bbox 395 492 563 530; x_wconf 67' lang='lat' dir='ltr'><strong>soluerat</strong></span> <span class='ocrx_word' id='word_1_13' title='bbox 581 503 688 531; x_wconf 72' lang='lat' dir='ltr'><strong>autem</strong></span> <span class='ocrx_word' id='word_1_14' title='bbox 708 504 758 531; x_wconf 79' lang='lat' dir='ltr'><strong>est</strong></span> <span class='ocrx_word' id='word_1_15' title='bbox 772 494 902 532; x_wconf 69' lang='lat' dir='ltr'><strong>solitus</strong></span> <span class='ocrx_word' id='word_1_16' title='bbox 923 495 1052 532; x_wconf 81' lang='lat' dir='ltr'><strong>fuerat.</strong></span> 
     </span>
    </p>

    <p class='ocr_par' dir='ltr' id='par_1_3' title="bbox 252 556 1325 659">
     <span class='ocr_line' id='line_1_4' title="bbox 306 556 1325 612; baseline 0.002 -17"><span class='ocrx_word' id='word_1_17' title='bbox 306 557 438 607; x_wconf 81' lang='lat' dir='ltr'><strong>Neque</strong></span> <span class='ocrx_word' id='word_1_18' title='bbox 455 556 607 594; x_wconf 79' lang='lat' dir='ltr'><strong>inermes</strong></span> <span class='ocrx_word' id='word_1_19' title='bbox 625 572 671 595; x_wconf 84' lang='lat' dir='ltr'><strong>ex</strong></span> <span class='ocrx_word' id='word_1_20' title='bbox 699 558 837 608; x_wconf 82' lang='lat' dir='ltr'><strong>proelio</strong></span> <span class='ocrx_word' id='word_1_21' title='bbox 856 559 950 596; x_wconf 74' lang='lat' dir='ltr'><strong>vinos</strong></span> <span class='ocrx_word' id='word_1_22' title='bbox 968 572 1186 609; x_wconf 81' lang='lat' dir='ltr'><strong>quemquam</strong></span> <span class='ocrx_word' id='word_1_23' title='bbox 1209 573 1325 612; x_wconf 66' lang='lat' dir='ltr'><strong>agno-</strong></span> 
     </span>
     <span class='ocr_line' id='line_1_5' title="bbox 252 620 641 659; baseline 0 -1"><span class='ocrx_word' id='word_1_24' title='bbox 252 630 388 658; x_wconf 84' lang='lat' dir='ltr'><strong>turum.</strong></span> <span class='ocrx_word' id='word_1_25' title='bbox 444 620 540 659; x_wconf 83' lang='lat' dir='ltr'><em>Idem</em></span> <span class='ocrx_word' id='word_1_26' title='bbox 558 622 641 659; x_wconf 64' lang='lat' dir='ltr'><em>ibid.</em></span> 
     </span>
    </p>

    <p class='ocr_par' dir='ltr' id='par_1_4' title="bbox 259 685 1323 789">
     <span class='ocr_line' id='line_1_6' title="bbox 308 685 1323 738; baseline 0.003 -16"><span class='ocrx_word' id='word_1_27' title='bbox 308 686 367 723; x_wconf 88' lang='lat' dir='ltr'><strong>Ea</strong></span> <span class='ocrx_word' id='word_1_28' title='bbox 395 685 618 723; x_wconf 66' lang='lat' dir='ltr'><strong>continentia</strong></span> <span class='ocrx_word' id='word_1_29' title='bbox 646 687 699 723; x_wconf 85' lang='lat' dir='ltr'><strong>v·i-r</strong></span> <span class='ocrx_word' id='word_1_30' title='bbox 725 687 859 737; x_wconf 76' lang='lat' dir='ltr'><strong>gravis,</strong></span> <span class='ocrx_word' id='word_1_31' title='bbox 889 696 927 724; x_wconf 86' lang='lat' dir='ltr'><strong>et</strong></span> <span class='ocrx_word' id='word_1_32' title='bbox 944 686 1043 724; x_wconf 75' lang='lat' dir='ltr'><strong>nulla</strong></span> <span class='ocrx_word' id='word_1_33' title='bbox 1057 696 1136 724; x_wconf 71' lang='lat' dir='ltr'><strong>arte</strong></span> <span class='ocrx_word' id='word_1_34' title='bbox 1150 688 1323 738; x_wconf 73' lang='lat' dir='ltr'><strong>cuiquam</strong></span> 
     </span>
     <span class='ocr_line' id='line_1_7' title="bbox 259 748 1022 789; baseline 0.001 -3"><span class='ocrx_word' id='word_1_35' title='bbox 259 748 418 786; x_wconf 84' lang='lat' dir='ltr'><strong>inferior.</strong></span> <span class='ocrx_word' id='word_1_36' title='bbox 474 750 644 787; x_wconf 77' lang='lat' dir='ltr'><strong>Arusian.</strong></span> <span class='ocrx_word' id='word_1_37' title='bbox 700 751 795 788; x_wconf 84' lang='lat' dir='ltr'><em>Non.</em></span> <span class='ocrx_word' id='word_1_38' title='bbox 816 752 850 788; x_wconf 82' lang='lat' dir='ltr'><strong>in</strong></span> <span class='ocrx_word' id='word_1_39' title='bbox 872 752 1022 789; x_wconf 80' lang='lat' dir='ltr'><strong>Gravis.</strong></span> 
     </span>
    </p>

    <p class='ocr_par' dir='ltr' id='par_1_5' title="bbox 257 814 1329 928">
     <span class='ocr_line' id='line_1_8' title="bbox 310 814 1329 865; baseline 0.004 -16"><span class='ocrx_word' id='word_1_40' title='bbox 310 814 461 858; x_wconf 85' lang='lat' dir='ltr'><strong>Omnes,</strong></span> <span class='ocrx_word' id='word_1_41' title='bbox 478 814 538 863; x_wconf 91' lang='lat' dir='ltr'><strong>qui</strong></span> <span class='ocrx_word' id='word_1_42' title='bbox 551 814 687 852; x_wconf 83' lang='lat' dir='ltr'><strong>circum</strong></span> <span class='ocrx_word' id='word_1_43' title='bbox 701 825 799 859; x_wconf 73' lang='lat' dir='ltr'><strong>sunt,</strong></span> <span class='ocrx_word' id='word_1_44' title='bbox 811 815 1033 865; x_wconf 82' lang='lat' dir='ltr'><strong>praeminent</strong></span> <span class='ocrx_word' id='word_1_45' title='bbox 1048 814 1237 853; x_wconf 76' lang='lat' dir='ltr'>altitudine</span> <span class='ocrx_word' id='word_1_46' title='bbox 1249 815 1329 853; x_wconf 78' lang='lat' dir='ltr'><strong>rnil-</strong></span> 
     </span>
     <span class='ocr_line' id='line_1_9' title="bbox 257 878 951 928; baseline 0.004 -14"><span class='ocrx_word' id='word_1_47' title='bbox 257 878 346 915; x_wconf 90' lang='lat' dir='ltr'><strong>lium</strong></span> <span class='ocrx_word' id='word_1_48' title='bbox 366 892 536 928; x_wconf 82' lang='lat' dir='ltr'>passuum</span> <span class='ocrx_word' id='word_1_49' title='bbox 556 880 723 916; x_wconf 90' lang='lat' dir='ltr'><strong>duorum.</strong></span> <span class='ocrx_word' id='word_1_50' title='bbox 779 881 951 917; x_wconf 79' lang='lat' dir='ltr'><strong>Arusian-</strong></span> 
     </span>
    </p>

    <p class='ocr_par' dir='ltr' id='par_1_6' title="bbox 305 942 1327 983">
     <span class='ocr_line' id='line_1_10' title="bbox 305 942 1327 983; baseline 0.003 -4"><span class='ocrx_word' id='word_1_51' title='bbox 305 945 329 968; x_wconf 70' lang='lat'>*</span> <span class='ocrx_word' id='word_1_52' title='bbox 347 951 386 979; x_wconf 83' lang='lat' dir='ltr'><strong>et</strong></span> <span class='ocrx_word' id='word_1_53' title='bbox 405 943 520 980; x_wconf 85' lang='lat' dir='ltr'>Poeni</span> <span class='ocrx_word' id='word_1_54' title='bbox 540 942 662 980; x_wconf 83' lang='lat' dir='ltr'><strong>ferunt</strong></span> <span class='ocrx_word' id='word_1_55' title='bbox 678 944 847 981; x_wconf 81' lang='lat' dir='ltr'><strong>adversus</strong></span> <span class='ocrx_word' id='word_1_56' title='bbox 866 945 922 981; x_wconf 85' lang='lat' dir='ltr'><strong>A.</strong></span> <span class='ocrx_word' id='word_1_57' title='bbox 945 945 995 982; x_wconf 88' lang='lat' dir='ltr'><strong>N.</strong></span> <span class='ocrx_word' id='word_1_58' title='bbox 1015 945 1062 982; x_wconf 91' lang='lat' dir='ltr'><strong>C.</strong></span> <span class='ocrx_word' id='word_1_59' title='bbox 1084 943 1143 982; x_wconf 83' lang='grc' dir='ltr'><strong>Μ.</strong></span> <span class='ocrx_word' id='word_1_60' title='bbox 1189 945 1327 983; x_wconf 73' lang='lat' dir='ltr'><strong>Donat.</strong></span> 
     </span>
    </p>

    <p class='ocr_par' dir='ltr' id='par_1_7' title="bbox 252 1008 1324 1175">
     <span class='ocr_line' id='line_1_11' title="bbox 307 1008 1324 1061; baseline 0.002 -16"><span class='ocrx_word' id='word_1_61' title='bbox 307 1008 406 1059; x_wconf 76' lang='lat' dir='ltr'><strong>Quia</strong></span> <span class='ocrx_word' id='word_1_62' title='bbox 433 1022 586 1058; x_wconf 84' lang='lat' dir='ltr'><strong>corpore</strong></span> <span class='ocrx_word' id='word_1_63' title='bbox 614 1018 652 1045; x_wconf 83' lang='lat' dir='ltr'><strong>et</strong></span> <span class='ocrx_word' id='word_1_64' title='bbox 678 1009 804 1061; x_wconf 85' lang='lat' dir='ltr'><strong>lingua</strong></span> <span class='ocrx_word' id='word_1_65' title='bbox 831 1009 1025 1059; x_wconf 79' lang='lat' dir='ltr'><strong>percitum,</strong></span> <span class='ocrx_word' id='word_1_66' title='bbox 1053 1018 1095 1047; x_wconf 84' lang='lat' dir='ltr'><strong>et</strong></span> <span class='ocrx_word' id='word_1_67' title='bbox 1112 1009 1324 1059; x_wconf 61' lang='lat' dir='ltr'><strong>inquietan,</strong></span> 
     </span>
     <span class='ocr_line' id='line_1_12' title="bbox 252 1073 1323 1124; baseline 0.002 -15"><span class='ocrx_word' id='word_1_68' title='bbox 252 1073 393 1110; x_wconf 88' lang='lat' dir='ltr'><strong>nomine</strong></span> <span class='ocrx_word' id='word_1_69' title='bbox 419 1073 602 1110; x_wconf 66' lang='lat' dir='ltr'><strong>histrionis</strong></span> <span class='ocrx_word' id='word_1_70' title='bbox 622 1073 678 1110; x_wconf 88' lang='lat' dir='ltr'><strong>vix</strong></span> <span class='ocrx_word' id='word_1_71' title='bbox 699 1074 787 1118; x_wconf 77' lang='lat' dir='ltr'><strong>sani,</strong></span> <span class='ocrx_word' id='word_1_72' title='bbox 818 1073 1050 1111; x_wconf 82' lang='lat' dir='ltr'><strong>Barbuleium</strong></span> <span class='ocrx_word' id='word_1_73' title='bbox 1075 1073 1323 1124; x_wconf 78' lang='lat' dir='ltr'><strong>appellabant.</strong></span> 
     </span>
     <span class='ocr_line' id='line_1_13' title="bbox 257 1137 743 1175; baseline -0.008 0"><span class='ocrx_word' id='word_1_74' title='bbox 257 1139 376 1175; x_wconf 70' lang='lat' dir='ltr'><strong>Prisc.</strong></span> <span class='ocrx_word' id='word_1_75' title='bbox 396 1137 454 1175; x_wconf 82' lang='lat' dir='ltr'><strong>lib.</strong></span> <span class='ocrx_word' id='word_1_76' title='bbox 475 1139 527 1175; x_wconf 85' lang='lat' dir='ltr'><strong>vi.</strong></span> <span class='ocrx_word' id='word_1_77' title='bbox 741 1140 743 1143; x_wconf 87' lang='lat'>&#39;</span> 
     </span>
    </p>

    <p class='ocr_par' dir='ltr' id='par_1_8' title="bbox 304 1201 763 1239">
     <span class='ocr_line' id='line_1_14' title="bbox 304 1201 763 1239; baseline 0 -1"><span class='ocrx_word' id='word_1_78' title='bbox 304 1201 526 1238; x_wconf 80' lang='lat' dir='ltr'><strong>Audaciter.</strong></span> <span class='ocrx_word' id='word_1_79' title='bbox 584 1201 680 1239; x_wconf 81' lang='lat' dir='ltr'><strong>Idem</strong></span> <span class='ocrx_word' id='word_1_80' title='bbox 699 1217 763 1238; x_wconf 79' lang='lat' dir='ltr'><strong>xv.</strong></span> 
     </span>
    </p>

    <p class='ocr_par' dir='ltr' id='par_1_9' title="bbox 253 1265 1328 1445">
     <span class='ocr_line' id='line_1_15' title="bbox 281 1265 1326 1317; baseline 0 -15"><span class='ocrx_word' id='word_1_81' title='bbox 281 1281 286 1285; x_wconf 87' lang='lat'>·</span> <span class='ocrx_word' id='word_1_82' title='bbox 307 1265 365 1302; x_wconf 89' lang='lat' dir='ltr'><strong>Ibi</strong></span> <span class='ocrx_word' id='word_1_83' title='bbox 387 1265 591 1303; x_wconf 78' lang='lat' dir='ltr'><strong>Fimbriana</strong></span> <span class='ocrx_word' id='word_1_84' title='bbox 610 1265 798 1309; x_wconf 76' lang='lat' dir='ltr'><strong>seditione,</strong></span> <span class='ocrx_word' id='word_1_85' title='bbox 829 1265 890 1315; x_wconf 85' lang='lat' dir='ltr'><strong>qui</strong></span> <span class='ocrx_word' id='word_1_86' title='bbox 910 1266 986 1317; x_wconf 86' lang='lat' dir='ltr'><strong>regi</strong></span> <span class='ocrx_word' id='word_1_87' title='bbox 1012 1280 1078 1316; x_wconf 80' lang='lat' dir='ltr'><strong>per</strong></span> <span class='ocrx_word' id='word_1_88' title='bbox 1096 1265 1326 1315; x_wconf 80' lang='lat' dir='ltr'><strong>obsequelam</strong></span> 
     </span>
     <span class='ocr_line' id='line_1_16' title="bbox 256 1330 1328 1381; baseline 0.002 -16"><span class='ocrx_word' id='word_1_89' title='bbox 256 1330 443 1373; x_wconf 82' lang='lat' dir='ltr'><strong>orationis,</strong></span> <span class='ocrx_word' id='word_1_90' title='bbox 469 1339 506 1366; x_wconf 88' lang='lat' dir='ltr'><strong>et</strong></span> <span class='ocrx_word' id='word_1_91' title='bbox 526 1343 692 1366; x_wconf 80' lang='lat' dir='ltr'>maxume</span> <span class='ocrx_word' id='word_1_92' title='bbox 724 1330 848 1367; x_wconf 87' lang='lat' dir='ltr'><strong>odium</strong></span> <span class='ocrx_word' id='word_1_93' title='bbox 870 1330 1003 1374; x_wconf 77' lang='lat' dir='ltr'><strong>Sullae,</strong></span> <span class='ocrx_word' id='word_1_94' title='bbox 1031 1344 1157 1381; x_wconf 87' lang='lat' dir='ltr'><strong>graves</strong></span> <span class='ocrx_word' id='word_1_95' title='bbox 1180 1331 1328 1380; x_wconf 84' lang='lat' dir='ltr'><strong>carique</strong></span> 
     </span>
     <span class='ocr_line' id='line_1_17' title="bbox 253 1394 1260 1445; baseline 0.002 -15"><span class='ocrx_word' id='word_1_96' title='bbox 253 1403 367 1430; x_wconf 84' lang='lat' dir='ltr'><strong>erant.</strong></span> <span class='ocrx_word' id='word_1_97' title='bbox 423 1394 519 1430; x_wconf 78' lang='lat' dir='ltr'><em>Non.</em></span> <span class='ocrx_word' id='word_1_98' title='bbox 539 1395 724 1444; x_wconf 82' lang='lat' dir='ltr'><strong>obsequium</strong></span> <span class='ocrx_word' id='word_1_99' title='bbox 743 1405 828 1431; x_wconf 78' lang='lat' dir='ltr'><strong>ncut.</strong></span> <span class='ocrx_word' id='word_1_100' title='bbox 844 1410 976 1444; x_wconf 83' lang='lat' dir='ltr'><em>genere,</em></span> <span class='ocrx_word' id='word_1_101' title='bbox 996 1395 1165 1445; x_wconf 77' lang='lat' dir='ltr'><strong>obsequela</strong></span> <span class='ocrx_word' id='word_1_102' title='bbox 1172 1397 1260 1445; x_wconf 76' lang='lat' dir='ltr'><strong>fem.</strong></span> 
     </span>
    </p>

    <p class='ocr_par' dir='ltr' id='par_1_10' title="bbox 307 1458 1116 1496">
     <span class='ocr_line' id='line_1_18' title="bbox 307 1458 1116 1496; baseline 0 -1"><span class='ocrx_word' id='word_1_103' title='bbox 307 1458 503 1496; x_wconf 85' lang='lat' dir='ltr'>Moenibus</span> <span class='ocrx_word' id='word_1_104' title='bbox 523 1459 711 1495; x_wconf 75' lang='lat' dir='ltr'><strong>deturbat.</strong></span> <span class='ocrx_word' id='word_1_105' title='bbox 768 1460 865 1496; x_wconf 82' lang='lat' dir='ltr'><strong>Non.</strong></span> <span class='ocrx_word' id='word_1_106' title='bbox 905 1460 1116 1496; x_wconf 79' lang='lat' dir='ltr'><strong>Deturbare.</strong></span> 
     </span>
    </p>

    <p class='ocr_par' dir='ltr' id='par_1_11' title="bbox 308 1522 1193 1572">
     <span class='ocr_line' id='line_1_19' title="bbox 308 1522 1193 1572; baseline 0 -13"><span class='ocrx_word' id='word_1_107' title='bbox 308 1522 344 1559; x_wconf 90' lang='lat' dir='ltr'><strong>E</strong></span> <span class='ocrx_word' id='word_1_108' title='bbox 364 1522 474 1559; x_wconf 88' lang='lat' dir='ltr'><strong>muris</strong></span> <span class='ocrx_word' id='word_1_109' title='bbox 493 1536 597 1559; x_wconf 80' lang='lat' dir='ltr'><strong>canes</strong></span> <span class='ocrx_word' id='word_1_110' title='bbox 617 1523 750 1572; x_wconf 83' lang='lat' dir='ltr'><strong>sportis</strong></span> <span class='ocrx_word' id='word_1_111' title='bbox 771 1523 1028 1560; x_wconf 73' lang='lat' dir='ltr'><strong>demittebant.</strong></span> <span class='ocrx_word' id='word_1_112' title='bbox 1084 1523 1193 1561; x_wconf 80' lang='lat' dir='ltr'><strong>Idem.</strong></span> 
     </span>
    </p>

    <p class='ocr_par' dir='ltr' id='par_1_12' title="bbox 252 1587 1327 1766">
     <span class='ocr_line' id='line_1_20' title="bbox 305 1587 1327 1637; baseline 0.002 -14"><span class='ocrx_word' id='word_1_113' title='bbox 305 1587 374 1623; x_wconf 87' lang='lat' dir='ltr'><strong>Ad</strong></span> <span class='ocrx_word' id='word_1_114' title='bbox 394 1587 464 1623; x_wconf 92' lang='lat' dir='ltr'><strong>hoc</strong></span> <span class='ocrx_word' id='word_1_115' title='bbox 484 1587 688 1623; x_wconf 85' lang='lat' dir='ltr'><strong>rumoribus</strong></span> <span class='ocrx_word' id='word_1_116' title='bbox 704 1587 854 1624; x_wconf 80' lang='lat' dir='ltr'><strong>advorsa</strong></span> <span class='ocrx_word' id='word_1_117' title='bbox 868 1587 902 1623; x_wconf 87' lang='lat' dir='ltr'><strong>in</strong></span> <span class='ocrx_word' id='word_1_118' title='bbox 922 1587 1150 1637; x_wconf 76' lang='lat' dir='ltr'><strong>pravitatem,</strong></span> <span class='ocrx_word' id='word_1_119' title='bbox 1169 1588 1327 1625; x_wconf 79' lang='lat' dir='ltr'><strong>secunda</strong></span> 
     </span>
     <span class='ocr_line' id='line_1_21' title="bbox 252 1650 1326 1697; baseline 0.001 -9"><span class='ocrx_word' id='word_1_120' title='bbox 252 1653 287 1688; x_wconf 86' lang='lat' dir='ltr'><strong>in</strong></span> <span class='ocrx_word' id='word_1_121' title='bbox 308 1666 444 1696; x_wconf 84' lang='lat' dir='ltr'><strong>casum,</strong></span> <span class='ocrx_word' id='word_1_122' title='bbox 472 1650 655 1688; x_wconf 86' lang='lat' dir='ltr'><strong>fortunam</strong></span> <span class='ocrx_word' id='word_1_123' title='bbox 674 1651 709 1688; x_wconf 84' lang='lat' dir='ltr'><strong>in</strong></span> <span class='ocrx_word' id='word_1_124' title='bbox 727 1652 970 1689; x_wconf 75' lang='lat' dir='ltr'><strong>temeritatem</strong></span> <span class='ocrx_word' id='word_1_125' title='bbox 989 1651 1216 1697; x_wconf 78' lang='lat' dir='ltr'><strong>declinando,</strong></span> <span class='ocrx_word' id='word_1_126' title='bbox 1244 1666 1326 1689; x_wconf 81' lang='lat' dir='ltr'><strong>cor-</strong></span> 
     </span>
     <span class='ocr_line' id='line_1_22' title="bbox 253 1717 645 1766; baseline 0 -14"><span class='ocrx_word' id='word_1_127' title='bbox 253 1718 481 1766; x_wconf 80' lang='lat' dir='ltr'><strong>rumpebant.</strong></span> <span class='ocrx_word' id='word_1_128' title='bbox 539 1717 645 1754; x_wconf 81' lang='lat' dir='ltr'><strong>Idem.</strong></span> 
     </span>
    </p>

    <p class='ocr_par' dir='ltr' id='par_1_13' title="bbox 251 1779 1326 2219">
     <span class='ocr_line' id='line_1_23' title="bbox 305 1779 1324 1830; baseline -0.001 -12"><span class='ocrx_word' id='word_1_129' title='bbox 305 1781 367 1818; x_wconf 79' lang='lat' dir='ltr'><strong>At</strong></span> <span class='ocrx_word' id='word_1_130' title='bbox 383 1780 570 1824; x_wconf 72' lang='lat' dir='ltr'><strong>Metellus,</strong></span> <span class='ocrx_word' id='word_1_131' title='bbox 590 1782 624 1816; x_wconf 88' lang='lat' dir='ltr'><strong>in</strong></span> <span class='ocrx_word' id='word_1_132' title='bbox 641 1779 846 1816; x_wconf 81' lang='lat' dir='ltr'><strong>ulteriorem</strong></span> <span class='ocrx_word' id='word_1_133' title='bbox 863 1779 1081 1829; x_wconf 81' lang='lat' dir='ltr'>Hispaniam</span> <span class='ocrx_word' id='word_1_134' title='bbox 1096 1789 1180 1830; x_wconf 86' lang='lat' dir='ltr'><strong>post</strong></span> <span class='ocrx_word' id='word_1_135' title='bbox 1193 1793 1324 1817; x_wconf 76' lang='lat' dir='ltr'><strong>aunum</strong></span> 
     </span>
     <span class='ocr_line' id='line_1_24' title="bbox 251 1844 1326 1896; baseline 0 -15"><span class='ocrx_word' id='word_1_136' title='bbox 251 1859 447 1896; x_wconf 72' lang='lat' dir='ltr'><strong>regressus,</strong></span> <span class='ocrx_word' id='word_1_137' title='bbox 467 1858 597 1896; x_wconf 81' lang='lat' dir='ltr'>magna</span> <span class='ocrx_word' id='word_1_138' title='bbox 616 1844 730 1896; x_wconf 77' lang='lat' dir='ltr'><strong>gloria</strong></span> <span class='ocrx_word' id='word_1_139' title='bbox 750 1844 1044 1881; x_wconf 79' lang='lat' dir='ltr'><strong>concurrentium</strong></span> <span class='ocrx_word' id='word_1_140' title='bbox 1064 1844 1223 1894; x_wconf 82' lang='lat' dir='ltr'><strong>undique</strong></span> <span class='ocrx_word' id='word_1_141' title='bbox 1240 1844 1326 1881; x_wconf 77' lang='lat' dir='ltr'><strong>viri-</strong></span> 
     </span>
     <span class='ocr_line' id='line_1_25' title="bbox 252 1900 1325 1959; baseline -0.002 -12"><span class='ocrx_word' id='word_1_142' title='bbox 252 1910 284 1946; x_wconf 88' lang='lat' dir='ltr'><strong>le</strong></span> <span class='ocrx_word' id='word_1_143' title='bbox 314 1919 353 1947; x_wconf 81' lang='lat' dir='ltr'><strong>et</strong></span> <span class='ocrx_word' id='word_1_144' title='bbox 378 1910 548 1947; x_wconf 83' lang='lat' dir='ltr'><strong>muliebre</strong></span> <span class='ocrx_word' id='word_1_145' title='bbox 569 1923 685 1953; x_wconf 85' lang='lat' dir='ltr'><strong>secus,</strong></span> <span class='ocrx_word' id='word_1_146' title='bbox 703 1909 858 1959; x_wconf 87' lang='lat' dir='ltr'><strong>per·vias</strong></span> <span class='ocrx_word' id='word_1_147' title='bbox 877 1922 918 1946; x_wconf 81' lang='lat' dir='ltr'><strong>ac</strong></span> <span class='ocrx_word' id='word_1_148' title='bbox 939 1917 1037 1946; x_wconf 82' lang='lat' dir='ltr'><strong>tecta</strong></span> <span class='ocrx_word' id='word_1_149' title='bbox 1057 1900 1216 1945; x_wconf 62' lang='lat' dir='ltr'><strong>omnium</strong></span> <span class='ocrx_word' id='word_1_150' title='bbox 1236 1909 1325 1946; x_wconf 78' lang='lat' dir='ltr'><strong>vise-</strong></span> 
     </span>
     <span class='ocr_line' id='line_1_26' title="bbox 251 1973 1322 2024; baseline -0.001 -13"><span class='ocrx_word' id='word_1_151' title='bbox 251 1976 385 2012; x_wconf 87' lang='lat' dir='ltr'><strong>batur:</strong></span> <span class='ocrx_word' id='word_1_152' title='bbox 414 1989 502 2011; x_wconf 82' lang='lat' dir='ltr'><strong>cum</strong></span> <span class='ocrx_word' id='word_1_153' title='bbox 521 1984 705 2024; x_wconf 79' lang='lat' dir='ltr'><strong>quaestor,</strong></span> <span class='ocrx_word' id='word_1_154' title='bbox 726 1973 771 2011; x_wconf 92' lang='lat' dir='ltr'><strong>C.</strong></span> <span class='ocrx_word' id='word_1_155' title='bbox 795 1973 972 2017; x_wconf 60' lang='lat' dir='ltr'><strong>Urbium,</strong></span> <span class='ocrx_word' id='word_1_156' title='bbox 998 1973 1144 2024; x_wconf 84' lang='lat' dir='ltr'><strong>aliique,</strong></span> <span class='ocrx_word' id='word_1_157' title='bbox 1171 1974 1322 2024; x_wconf 82' lang='lat' dir='ltr'><strong>cog-nita</strong></span> 
     </span>
     <span class='ocr_line' id='line_1_27' title="bbox 253 2037 1324 2083; baseline -0.001 -7"><span class='ocrx_word' id='word_1_158' title='bbox 253 2040 452 2083; x_wconf 80' lang='lat' dir='ltr'><strong>voluntate,</strong></span> <span class='ocrx_word' id='word_1_159' title='bbox 479 2054 565 2076; x_wconf 83' lang='lat' dir='ltr'><strong>eum</strong></span> <span class='ocrx_word' id='word_1_160' title='bbox 584 2039 631 2076; x_wconf 79' lang='lat' dir='ltr'><strong>ad</strong></span> <span class='ocrx_word' id='word_1_161' title='bbox 655 2051 805 2076; x_wconf 81' lang='lat' dir='ltr'><strong>coenam</strong></span> <span class='ocrx_word' id='word_1_162' title='bbox 824 2037 1086 2083; x_wconf 73' lang='lat' dir='ltr'><strong>invitaverant;</strong></span> <span class='ocrx_word' id='word_1_163' title='bbox 1114 2037 1209 2074; x_wconf 74' lang='lat' dir='ltr'><strong>ultra</strong></span> <span class='ocrx_word' id='word_1_164' title='bbox 1244 2039 1324 2075; x_wconf 92' lang='lat' dir='ltr'><strong>Ro-</strong></span> 
     </span>
     <span class='ocr_line' id='line_1_28' title="bbox 251 2103 1323 2147; baseline -0.001 -6"><span class='ocrx_word' id='word_1_165' title='bbox 251 2118 438 2141; x_wconf 71' lang='lat' dir='ltr'><strong>manorum</strong></span> <span class='ocrx_word' id='word_1_166' title='bbox 456 2105 493 2141; x_wconf 83' lang='lat' dir='ltr'><strong>et</strong></span> <span class='ocrx_word' id='word_1_167' title='bbox 512 2103 718 2141; x_wconf 81' lang='lat' dir='ltr'><strong>mortalium</strong></span> <span class='ocrx_word' id='word_1_168' title='bbox 734 2103 841 2140; x_wconf 84' lang='lat' dir='ltr'><strong>etiam</strong></span> <span class='ocrx_word' id='word_1_169' title='bbox 861 2117 997 2140; x_wconf 89' lang='lat' dir='ltr'><strong>morem</strong></span> <span class='ocrx_word' id='word_1_170' title='bbox 1012 2103 1199 2147; x_wconf 75' lang='lat' dir='ltr'><strong>curabant,</strong></span> <span class='ocrx_word' id='word_1_171' title='bbox 1218 2117 1323 2140; x_wconf 82' lang='lat' dir='ltr'><strong>exor-</strong></span> 
     </span>
     <span class='ocr_line' id='line_1_29' title="bbox 254 2167 1323 2219; baseline -0.001 -14"><span class='ocrx_word' id='word_1_172' title='bbox 254 2169 346 2207; x_wconf 83' lang='lat' dir='ltr'><strong>natis</strong></span> <span class='ocrx_word' id='word_1_173' title='bbox 364 2169 511 2207; x_wconf 80' lang='lat' dir='ltr'><strong>aedibus</strong></span> <span class='ocrx_word' id='word_1_174' title='bbox 529 2183 595 2219; x_wconf 87' lang='lat' dir='ltr'><strong>per</strong></span> <span class='ocrx_word' id='word_1_175' title='bbox 613 2167 736 2206; x_wconf 80' lang='lat' dir='ltr'><strong>aulaea</strong></span> <span class='ocrx_word' id='word_1_176' title='bbox 752 2176 791 2204; x_wconf 88' lang='lat' dir='ltr'><strong>et</strong></span> <span class='ocrx_word' id='word_1_177' title='bbox 810 2167 975 2219; x_wconf 77' lang='lat' dir='ltr'><strong>insignia,</strong></span> <span class='ocrx_word' id='word_1_178' title='bbox 995 2167 1180 2218; x_wconf 85' lang='lat' dir='ltr'><strong>scenisque</strong></span> <span class='ocrx_word' id='word_1_179' title='bbox 1196 2168 1245 2205; x_wconf 81' lang='lat' dir='ltr'><strong>ad</strong></span> <span class='ocrx_word' id='word_1_180' title='bbox 1264 2181 1323 2204; x_wconf 86' lang='lat' dir='ltr'><strong>os-</strong></span> 
     </span>
    </p>
   </div>
  </div>
 </body>
</html>
