1497 2689
269 268 286 303 1
295 267 345 303 28
463 265 778 305 SALLUSTII
808 267 830 306 J
835 266 1149 307 UGURTHA.

263 376 341 422 ciis,
361 391 476 428 neque
494 387 600 416 antea
613 379 800 417 voluntate
814 379 968 424 alienati,
987 379 1166 430 principes
1180 379 1337 421 civitatis
1385 387 1387 389 ’

262 440 356 479 inter
375 457 411 480 se
431 445 644 494 conjurant:
665 457 746 480 nam
760 444 904 495 volgus,
924 445 977 482 uti
996 444 1207 495 plerumque
1227 445 1335 491 solet,

261 514 300 543 et
319 520 485 544 maxume
506 507 760 553 Numidarum,
791 508 935 560 ingenio
954 510 1092 555 mobili,
1123 511 1333 550 seditiosum

261 580 372 621 atque
401 571 662 609 discordiosum
691 582 781 617 erat,
811 573 985 623 cupidum
1010 588 1179 612 novarum
1200 589 1332 621 rerum,

259 635 373 686 quieti
390 645 428 674 et
447 636 524 673 otio
543 637 745 674 advorsum.
803 638 917 683 Dein,
945 640 1155 689 compositis
1181 640 1275 678 inter
1294 655 1331 678 se

258 700 379 744 rebus,
405 701 502 738 diem
521 701 669 739 tertium
688 702 929 747 constituunt,
950 704 1049 754 quod
1063 704 1105 749 is,
1124 704 1253 748 festus,
1272 720 1333 744 ce·

257 764 489 816 lehi-atusque
509 780 574 815 per
587 781 731 803 omnem
751 766 935 812 Africam,
954 768 1078 806 ludum
1094 779 1132 807 et
1149 770 1329 808 lasciviam

258 830 386 880 magis,
405 844 513 880 quam
527 830 768 876 formidinem,
789 834 1009 871 ostentabat.
1055 835 1141 879 Sed,
1162 836 1224 872 ubi
1238 845 1332 873 tem-

256 907 324 942 pus
343 893 427 937 fuit,
447 895 673 932 centuriones
692 896 930 946 tribunosque
950 897 1134 943 militares,
1153 908 1189 936 et
1210 900 1329 949 ipsum

255 957 481 1007 praefectum
500 960 640 1010 oppidi,
661 960 711 998 T.
733 961 941 1010 Turpilium
964 962 1138 1007 Silanum,
1159 963 1247 1002 alius
1266 965 1331 1002 ali-

256 1036 331 1066 um,
351 1023 479 1060 domos
499 1037 577 1060 suas
597 1024 772 1062 invitant:
803 1040 865 1062 eos
893 1027 1008 1064 omnis
1027 1037 1170 1077 praeter
1189 1028 1329 1080 Turpi-

253 1085 341 1123 lium
360 1087 454 1124 inter
472 1087 597 1137 epulas
617 1089 838 1127 obtruncant
856 1105 866 1128 ε
897 1100 1025 1140 postea
1043 1091 1186 1137 milites,
1205 1093 1328 1143 palan-

254 1152 313 1196 tis,
352 1153 519 1197 inermos,
558 1154 693 1203 quippe
727 1154 761 1190 in
794 1154 857 1191 tali
891 1155 947 1192 die
980 1169 1022 1192 ac
1056 1157 1128 1194 sine
1161 1157 1326 1207 imperio,

253 1217 528 1267 adgrediuntur.
589 1218 692 1254 Idem
721 1218 845 1268 plebes
878 1218 979 1262 facit,
1014 1234 1095 1269 pars
1125 1221 1246 1258 edocti
1280 1223 1324 1259 ab

252 1281 455 1325 nobilitate,
493 1281 549 1317 alii
581 1281 702 1318 studio
733 1282 857 1318 talium
887 1297 1004 1319 rerum
1034 1284 1188 1329 incitati,
1227 1287 1322 1335 quis,

251 1354 332 1381 acta
351 1345 611 1395 consiliumque
631 1346 894 1396 ignorantibus,
919 1347 1097 1385 tumultus
1116 1349 1191 1398 ipse
1211 1359 1248 1386 et
1268 1364 1323 1388 res

252 1425 362 1448 novae
383 1411 468 1448 satis
487 1411 693 1461 placebant.

303 1540 483 1578 LXVII.
518 1541 693 1577 RomAm
712 1540 855 1584 milites,
874 1541 1068 1591 improviso
1088 1552 1189 1580 metu
1207 1543 1322 1580 incer.

247 1604 277 1641 ti
295 1604 495 1655 ignarique,
525 1605 613 1654 quid
628 1605 869 1654 potissumum
887 1604 1061 1651 facerent,
1081 1607 1259 1656 trepidare
1274 1607 1322 1643 ad

248 1683 365 1705 arcem
384 1669 525 1719 oppidi,
555 1669 616 1706 ubi
637 1669 737 1720 signa
767 1678 803 1705 et
825 1678 928 1706 scuta
947 1679 1067 1707 erant:
1103 1671 1321 1720 praesidium

248 1734 421 1778 hostium,
450 1743 576 1783 portae
596 1742 678 1770 ante
709 1733 863 1777 clausae,
897 1733 1021 1786 fugam
1047 1736 1317 1785 prohibebant:

247 1800 292 1836 ad
312 1799 383 1835 hoc
404 1798 567 1835 mulieres
587 1797 761 1848 puerique
781 1813 848 1848 pro
868 1799 976 1836 tectis
996 1800 1241 1837 aedificiorum
1265 1815 1320 1838 sa-

247 1877 305 1907 xa,
333 1872 370 1900 et
389 1862 469 1907 alia,
499 1877 590 1912 quae
610 1862 711 1899 locus
731 1863 942 1912 praebebat,
970 1864 1136 1901 certatim
1159 1865 1316 1902 mittere.

248 1928 308 1964 Ita
327 1941 442 1977 neque
463 1927 575 1964 caveri
596 1940 728 1976 anceps
748 1926 894 1972 malum,
923 1942 1039 1977 neque
1058 1942 1079 1964 a
1101 1927 1318 1966 fortissumis

244 1992 496 2028 infirmissumo
512 1991 633 2042 generi
647 1990 762 2027 resisti
782 2005 904 2040 posse:
931 1994 1037 2043 juxta
1051 1992 1136 2029 boni
1149 1991 1318 2042 malique,

245 2056 380 2093 strenui
399 2065 436 2092 et
456 2055 630 2099 imbelles,
660 2055 764 2091 inulti
789 2056 1009 2100 obtruncati.
1073 2057 1116 2093 In
1145 2071 1186 2094 ea
1216 2066 1319 2094 tanta

244 2120 451 2171 asperitate,
480 2119 700 2157 saevissumis
721 2120 890 2158 Numidis
918 2130 955 2158 et
985 2121 1124 2172 oppido
1158 2122 1316 2172 undique
