1451 2719
339 341 654 380 SALLUSTII
685 341 991 381 CATILINA.
1181 348 1205 383 3

172 454 254 492 ΙΙΙ.
273 455 332 492 Ρυ
343 468 389 492 ις
399 468 420 491 Η
430 469 482 492 Ru
493 469 519 491 Μ
537 464 590 491 cst
604 456 695 492 bene
709 455 826 492 facere
839 454 1078 505 reipublicae:
1095 455 1205 492 etiam

97 552 99 554 ,
127 519 221 556 bene
241 518 359 555 dicere
375 519 470 555 hand
487 520 682 556 absurdum
703 530 770 557 cst.
814 520 885 557 Vel
897 535 1001 570 pace,
1022 520 1076 557 vel
1094 520 1206 564 bello.

129 583 265 622 cla'rum
287 583 361 620 fieri
381 583 464 620 licet
485 599 493 621 :
521 594 555 620 ct
570 586 631 634 qui
653 585 783 629 fecere,
804 597 839 623 ct
857 587 917 636 qui
939 586 1036 623 facta
1056 586 1207 623 aliorum

129 647 315 698 scripsere,
335 647 439 684 multi
455 648 659 686 laudantur.
719 650 784 686 Ac
800 650 886 686 mihi
907 651 1067 700 quidem,
1087 659 1207 688 tamen

128 715 197 753 etsi
215 707 497 765 haudquaquam
519 729 583 765 par
601 715 717 767 gloria
738 704 912 766 sequatur
931 717 1145 766 scriptorem
1169 724 1210 753 et

129 789 316 817 auctorem
337 794 467 823 rerum,
489 790 607 816 tamen
628 780 661 815 in
678 780 800 830 primis
819 781 971 817 arduum
992 781 1133 817 videtur
1154 794 1208 817 res

129 854 251 897 gestas
266 844 438 882 scribere:
462 845 631 893 primum,
649 844 749 893 quod
769 844 867 881 facta
882 844 990 881 dictis
1006 854 1089 881 sunt
1104 859 1211 882 exae-

131 909 299 958 quanda:
331 908 474 951 dehinc,
504 909 588 958 quia
608 907 782 957 plerique,
814 922 906 958 quae
926 908 1060 946 delicta
1092 923 1212 958 repre-

130 973 310 1016 henderis,
324 972 563 1009 malivolentia
574 981 610 1008 et
623 972 754 1009 invidia
769 982 900 1022 putant
917 988 925 1010 :
950 973 1010 1009 ubi
1023 974 1066 1010 de
1081 987 1212 1024 magna

132 1038 266 1074 virtute
285 1046 322 1074 et
338 1037 454 1088 gloria
468 1037 646 1073 bonorum
662 1050 851 1080 memores,
873 1051 964 1086 quae
978 1038 1044 1074 sibi
1058 1038 1212 1088 quisque

131 1100 250 1139 facilia
269 1100 370 1138 factu
390 1110 512 1150 putat,
541 1113 658 1150 aequo
679 1101 797 1137 animo
824 1101 956 1150 accipit
976 1117 986 1146 ;
1016 1116 1124 1152 supra
1157 1116 1212 1147 ea,

133 1165 245 1202 veluti
265 1165 365 1207 ficta,
385 1178 452 1214 pro
472 1163 569 1201 salsis
589 1163 704 1201 ducit.
747 1165 820 1202 Sed
832 1179 903 1216 ego
924 1165 1213 1204 adolescentulus

133 1229 251 1274 initio,
280 1228 387 1266 sicuti
406 1228 582 1278 plerique,
612 1229 733 1265 studio
753 1230 798 1266 ad
829 1229 1088 1279 rempublicam
1119 1230 1215 1267 latus

134 1308 241 1339 sum;
270 1294 394 1344 ibique
420 1293 506 1329 mihi
526 1293 677 1330 advorsa
697 1293 811 1330 multa
844 1293 958 1331 fuere.
1017 1295 1114 1332 Nam
1146 1308 1215 1344 pro

133 1359 289 1410 pudore,
305 1372 372 1408 pro
387 1357 618 1401 abstinentia,
631 1372 698 1407 pro
711 1358 860 1402 virtute,
875 1358 1038 1403 audacia,
1053 1359 1215 1411 largitio,

134 1423 282 1460 avaritia
301 1422 487 1474 vigebant.
547 1423 652 1472 Quae
672 1422 817 1459 tametsi
841 1423 978 1459 animus
1003 1425 1218 1473 aspernaba-

135 1496 210 1531 tur,
225 1486 379 1523 insolens
393 1486 567 1522 malarum
582 1486 713 1523 artium
722 1502 733 1531 ;
746 1496 880 1530 tamen,
896 1486 990 1524 inter
1004 1496 1106 1524 tanta
1118 1488 1217 1532 vitia,

135 1550 317 1588 imbecilla
336 1561 435 1587 aetas
450 1550 646 1586 ambitione
659 1560 832 1600 corrupta
847 1552 1040 1588 tenebatur
1054 1567 1063 1589 :
1085 1565 1126 1589 ac
1147 1565 1217 1597 me,

137 1629 222 1653 cum
241 1615 286 1652 ab
306 1614 528 1664 reliquorum
548 1614 648 1651 malis
667 1615 827 1651 moribus
847 1614 1084 1659 dissentirem,
1105 1616 1218 1653 nihilo

137 1680 254 1717 minus
274 1679 422 1716 honoris
442 1679 592 1729 cupido,
613 1679 752 1724 eadem,
773 1693 865 1729 quae
880 1688 1035 1723 ceteros,
1055 1679 1150 1716 fama
1164 1689 1219 1717 at-

139 1759 210 1796 que
229 1745 360 1782 invidia
380 1745 549 1781 vexabat.

195 1877 269 1915 IV.
301 1877 479 1919 Ῑσιτυκ,
499 1874 563 1912 ubi
582 1874 720 1910 animus
739 1887 783 1910 ex
804 1873 927 1916 multis
942 1873 1090 1910 miseriis
1109 1883 1220 1924 atque

140 1940 311 1992 periculis
330 1939 521 1990 requievit,
541 1949 578 1976 et
597 1938 685 1975 mihi
700 1938 874 1988 reliquam
886 1947 1040 1976 aetatem
1055 1953 1074 1975 a
1089 1940 1221 1989 repub-

139 2007 211 2044 lica
228 2004 360 2056 procul
378 2005 580 2042 habendam
595 2003 750 2047 decrevi,
771 2017 842 2039 non
861 2002 932 2040 fuit
952 2003 1154 2047 consilium,
1169 2018 1222 2041 se-

142 2070 266 2109 cordia
284 2078 395 2120 atque
414 2068 549 2106 desidia
569 2069 707 2104 bonum
722 2068 839 2104 otium
858 2077 1044 2105 conterere
1064 2084 1074 2114 ;
1104 2083 1221 2118 neque

143 2148 228 2172 vero
248 2147 376 2186 agrum
396 2132 565 2176 colendo,
594 2141 657 2168 aut
677 2133 854 2177 venando,
887 2132 1071 2170 servilibus
1095 2133 1222 2170 officiis

144 2199 340 2245 intentum,
361 2208 517 2237 aetatem
537 2211 643 2250 agere
661 2212 670 2234 :
702 2197 778 2242 sed,
806 2210 827 2234 a
846 2211 919 2248 quo
934 2197 1081 2249 incepto
1101 2197 1221 2236 studio

628 2261 726 2299 ΑΕΖ
