1451 2719
291 313 604 355 SALLUSTII
635 313 1022 354 FRAGMENTA.
1125 316 1198 353 195

182 425 388 464 Daedalum
405 440 450 463 ex
474 427 593 465 Sicilia
612 426 831 477 profectum,
859 440 942 463 cum
963 424 1122 463 Minonis
1141 424 1199 461 fu-

129 499 235 543 geret
253 490 355 535 iram,
375 500 486 541 atque
504 505 603 542 opes.
662 493 878 534 Priscianus,
897 490 954 526 lib.
971 490 1021 526 vi.
1040 490 1195 526 Servius.

181 555 302 604 Quem
322 568 366 592 ex
388 554 606 592 Mauritania
622 569 682 592 rex
705 555 897 604 Leptasta,
912 552 1126 602 proditionis
1145 552 1198 588 in-

127 617 349 663 simulatum,
362 632 445 656 cum
457 619 670 656 custodibus
682 618 837 655 miserat.
868 618 1086 660 Priscianus,
1099 616 1156 653 lib.
1171 617 1196 652 i.

181 684 287 733 Quos
307 684 496 721 advorsum
512 683 615 720 multi
630 697 674 720 ex
698 680 871 732 Bithynia
890 679 1051 717 volentes
1069 693 1199 717 occur-

125 760 216 792 rere,
235 747 364 784 falsum
384 747 496 785 filium
517 747 705 799 arguituri.
764 747 982 789 Priscianus,
1001 745 1059 782 lib.
1079 761 1116 782 x.

181 811 240 849 Ut
259 812 400 849 actione
420 812 620 848 desisteret.
679 810 832 848 Messus.

181 875 357 924 Vespera.
417 876 590 919 Carisius,
609 875 666 912 lib.
686 875 723 911 ι’ἰ.

180 938 396 990 Argentum
417 948 584 976 mutuum
604 936 796 975 arcessivit.
841 937 1059 980 Priscianus,
1081 935 1138 973 lib.
1160 952 1198 973 x.

194 1002 290 1041 Eam
321 1003 542 1040 deditionem
571 1011 728 1045 senatus,
775 1014 839 1050 per
870 1000 1021 1036 nuncios
1056 999 1199 1037 Orestis

126 1067 327 1118 cognitam,
347 1067 540 1116 adprobat,
597 1066 816 1107 Priscianus,
836 1063 894 1100 lib.
917 1064 968 1100 vi.

182 1130 265 1168 Nisi
292 1144 364 1181 qua
394 1130 525 1168 flumen
557 1129 697 1172 Lurda,
728 1128 855 1165 Tauro
882 1137 1006 1165 monte
1025 1128 1198 1166 defluens.

126 1193 224 1233 Idem
242 1194 375 1232 ibidem.

182 1257 348 1310 Frugum
366 1257 562 1308 pabulique
581 1256 698 1294 laetus
713 1269 811 1307 ager.
859 1256 1073 1302 Arusianus,
1094 1258 1197 1295 Serv.

127 1322 186 1360 lib.
206 1323 230 1359 ἱ.
250 1322 432 1360 Aeneidos.

182 1386 313 1436 Neque
330 1386 485 1437 virgines
504 1394 660 1435 nuptum
679 1399 699 1422 a
718 1386 927 1435 parentibus
945 1386 1198 1434 mittebantur,

126 1449 191 1488 sed
209 1449 306 1499 ipsae
324 1448 409 1487 belli
428 1449 701 1499 promtissumos
721 1448 950 1499 delegebant.
991 1450 1145 1488 Messus.

183 1512 378 1550 Modestus
408 1512 454 1548 ad
482 1513 603 1549 omnia
631 1512 711 1556 alia,
741 1512 806 1548 nisi
834 1513 880 1549 ad
904 1512 1198 1552 dominationem.

131 1577 293 1615 Donatus
315 1577 461 1615 Phorm.
481 1585 548 1613 act.
568 1577 593 1612 i.
614 1591 663 1613 sc.
685 1577 721 1613 2.

183 1640 312 1678 Noctu
331 1640 464 1690 diuque
484 1639 656 1676 stationes
675 1648 711 1676 et
727 1639 865 1691 vigilias
884 1649 1036 1678 tentare.
1080 1643 1199 1681 Caris.

127 1704 187 1743 lib.
202 1706 240 1742 ii.

184 1768 247 1806 At
277 1767 477 1806 Lucullum
505 1767 599 1819 regis
630 1781 716 1805 cura
744 1769 947 1807 machinata
971 1769 1082 1808 fames
1101 1771 1201 1809 brevi

131 1831 325 1884 fatigabat.
382 1831 569 1882 Multique
596 1842 820 1870 commeatus
843 1834 1048 1872 interierant
1068 1835 1206 1874 insidiis

131 1896 326 1934 latronum.
383 1897 502 1935 Prisc.
521 1896 580 1933 lib.
602 1898 665 1933 vii.
685 1907 716 1934 et
734 1898 829 1934 Non.

187 1960 355 2010 Namque
375 1959 528 2010 primum
550 1960 718 1997 Jasonem
737 1974 830 1998 novo
849 1961 976 2000 itinere
995 1963 1102 2000 maris
1120 1963 1204 2002 Ae-

132 2033 214 2062 etae
231 2024 386 2074 hospitis
413 2024 561 2061 domum
582 2024 742 2062 violasse.
801 2026 918 2065 Prisc.
938 2027 996 2065 lib.
1019 2030 1095 2066 viii.

187 2087 414 2133 Tartessum,
434 2087 636 2138 Hispaniae
655 2088 852 2136 civitatem,
878 2105 987 2142 quam
1006 2107 1100 2130 nunc
1119 2092 1202 2144 Ty.

135 2151 190 2208 rii,
209 2161 350 2192 mutato
369 2153 511 2192 nomine
528 2152 662 2196 Gadir‚
688 2153 836 2193 habent.
896 2156 1012 2194 Prisc.
1033 2157 1090 2195 lib.
1111 2172 1150 2195 v.

602 2217 742 2256 Bb‘2
