1497 2689
161 293 205 328 12
361 286 677 327 SALLUSTII
708 285 1014 326 CATILINA.

157 412 214 439 ter
233 400 481 450 capiebantur.
540 400 651 443 Nam,
671 399 725 436 uti
745 402 920 451 cujusque
935 397 1098 436 studium
1116 410 1161 435 ex
1181 410 1243 436 aea

158 475 235 504 tate
256 465 448 517 flagrabat,
468 465 545 502 aliis
561 473 681 502 scorta
700 465 885 514 praebere,
905 464 983 501 aliis
1003 477 1108 502 canes
1128 472 1241 514 atque

162 545 276 581 equos
310 530 459 566 mercari
478 545 488 575 ;
522 538 727 579 postremO,
761 543 877 579 neque
910 529 1086 579 sumptui,
1125 542 1243 578 neque

164 595 361 631 modestiae
382 608 464 631 suae
484 608 648 644 parcere,
673 594 760 630 dum
779 593 859 631 illos
878 595 1058 631 obnoxios
1078 594 1246 643 fidosque

162 659 311 696 faceret.
372 659 458 697 Seio
479 658 587 697 fuisse
607 658 813 703 nonnullos,
834 659 897 708 qui
916 660 967 696 ita
986 668 1247 703 aestumarent,

157 727 402 776 juventutem,
441 738 534 773 quae
572 724 722 761 domum
761 723 939 762 Catilinae
972 724 1245 776 frequentabat,

162 803 289 839 parurn
310 788 460 825 honeste
480 788 697 838 pudicitiam
716 789 885 826 habuisse
903 804 912 826 :
944 790 1007 826 sed
1025 804 1070 826 ex
1092 789 1170 826 aliis
1189 803 1245 826 re-

160 855 231 892 bus
247 853 375 903 magis,
409 866 518 902 quam
545 853 647 902 quod
675 853 847 904 cuiquam
872 864 1103 904 compertum
1132 854 1244 898 foret,

162 918 251 955 haec
273 916 368 953 fama
388 916 546 953 valebat.

217 1048 308 1084 XV.
339 1047 361 1084 J
366 1060 424 1083 AM
456 1046 615 1095 primum
635 1046 845 1083 adolescens
874 1046 1032 1085 Catilina
1052 1047 1168 1085 multa
1186 1061 1248 1086 ne-

162 1111 269 1148 fanda
290 1119 416 1159 stupra
436 1109 593 1155 fecerat3
614 1124 698 1147 cum
718 1110 857 1161 virgine
876 1110 1003 1154 nobili,
1024 1125 1108 1148 cum
1129 1125 1246 1148 sacer-

163 1177 250 1214 dote
284 1177 434 1219 Vestae,
473 1175 541 1212 alia
573 1175 825 1226 hujuscemodi
863 1184 990 1211 contra
1005 1177 1065 1226 jus
1101 1175 1245 1226 fasque.

164 1243 369 1284 Postremo,
398 1249 528 1290 captus
547 1235 669 1277 amore
689 1239 866 1276 Aureliae
889 1240 1098 1285 Orestillae,
1128 1243 1249 1292 cujus,

162 1315 306 1357 praeter
324 1304 492 1348 formam,
512 1303 600 1340 nihil
620 1317 793 1353 umquam
807 1304 925 1341 bonus
945 1304 1126 1350 laudavit3
1147 1305 1258 1355 quod*

163 1385 205 1409 ea
225 1372 358 1408 nubere
378 1369 429 1406 illi
444 1368 652 1412 dubitabat,
672 1368 802 1405 timens
823 1369 1030 1419 privignum
1045 1369 1171 1406 adulta
1190 1383 1251 1407 aen

163 1445 240 1472 tate
256 1451 266 1480 ;
286 1449 353 1485 pro
370 1442 472 1471 certo
488 1433 662 1477 creditur,
678 1442 808 1469 necato
824 1432 913 1477 filio,
926 1447 1077 1470 vacuam
1096 1434 1248 1471 domum

164 1500 323 1538 scelestis
354 1498 491 1548 nuptiis
522 1497 663 1535 fecisse.
722 1499 829 1547 Quae
850 1498 998 1548 quidem
1028 1513 1083 1536 res
1102 1499 1191 1536 mihi
1210 1499 1247 1536 in

165 1565 288 1616 primis
326 1563 469 1600 videtur
507 1575 632 1599 caussa
669 1560 781 1598 fuisse
819 1561 988 1600 facinoris
1026 1563 1245 1601 maturandi.

165 1631 336 1679 Namque
355 1629 494 1664 animus
513 1627 690 1676 impurus,
712 1626 768 1662 dis
784 1626 1065 1677 hominibusque
1079 1627 1248 1673 infestus,

165 1709 281 1745 neque
307 1693 454 1744 vigiliis,
487 1705 604 1741 neque
635 1691 820 1740 quietibus
851 1691 965 1728 sedari
995 1700 1142 1742 poterat
1157 1708 1168 1738 ;
1198 1693 1249 1730 ita

164 1760 384 1797 conscientia
404 1766 562 1794 mentem
588 1755 747 1792 excitam
766 1756 944 1792 vastabat.
1004 1756 1129 1808 Igitur
1147 1756 1248 1794 colos

163 1823 371 1874 exsanguis,
391 1821 489 1859 foedi
509 1820 621 1864 oculi,
649 1820 744 1856 citus
764 1819 888 1863 modo,
918 1820 1028 1857 modo
1047 1821 1174 1858 tardus
1193 1822 1248 1858 in-

165 1903 285 1926 cessus
301 1904 312 1934 ς
342 1901 490 1938 prorsus
509 1886 543 1923 in
565 1884 658 1922 facie
679 1883 856 1934 vultuque
877 1886 1046 1922 vecordia
1065 1886 1193 1924 inerat.

220 2019 335 2056 XVI.
369 2018 449 2055 SED
466 2018 711 2067 juventutem,
731 2027 856 2064 quam,
883 2023 926 2051 ut
946 2028 1054 2064 supra
1074 2014 1258 2059 diximus}

163 2083 341 2126 illexerat,
362 2079 486 2118 multis
505 2079 622 2116 modis
642 2077 734 2115 mala
753 2077 914 2115 facinora
932 2079 1126 2118 edocebat.
1183 2080 1245 2118 Ex

164 2147 234 2185 illis
261 2155 372 2184 testes
392 2146 668 2197 signatoresque
694 2141 804 2181 falsos
833 2144 1096 2190 commodare·;
1123 2143 1261 2189 fidem„-
