1451 2719
347 321 663 359 SALLUSTII
696 322 1001 359 CATILINA.
1167 326 1216 360 553

142 439 205 470 aut
223 444 267 472 ex
288 430 406 477 sociis,
426 431 460 468 in
481 440 597 469 castra
617 433 726 475 venit,
742 433 937 483 aequaliter
955 433 1186 470 distribn·.·r;it
1206 449 1215 478 5

141 512 183 539 ac
202 497 301 537 brevi
320 497 437 548 spatio
457 497 618 549 legiones
638 513 785 536 numero
802 498 986 535 hominum
999 498 1217 547 expleverat,

139 576 228 605 cum
245 562 349 602 initio
369 576 440 599 non
473 562 625 612 amplius
657 563 800 600 duobus
834 563 988 600 millibus
1022 563 1216 600 liabnissnt.

147 627 221 671 Sed
240 642 284 667 ex
304 627 401 665 omni
420 627 525 677 copia
544 628 688 665 circiter
705 641 788 678 pars
808 637 935 678 quarta
966 636 1042 664 erat
1062 627 1220 664 militari-

141 693 210 735 bus
229 692 334 735 armis
350 691 527 729 instructa
545 708 556 736 3
585 692 710 736 ceteri,
731 702 770 728 ut
787 705 966 741 quemque
987 705 1088 728 casus
1108 705 1221 727 arma-

141 764 253 800 verat,
282 769 419 806 sparos,
447 765 509 793 aut
529 755 680 799 lanceas,
708 755 764 792 alii
783 765 992 805 praeacutas
1012 755 1116 792 sudes
1137 769 1220 804 por-

141 820 282 857 tabant.
341 819 430 863 Sed,
458 829 652 869 postquam
667 819 859 857 Antonius
878 833 961 856 cum
975 818 1138 856 exercitu
1158 818 1221 854 ad-

140 884 325 928 ventabat,
354 883 511 922 Catilina
530 898 596 933 per
614 894 754 921 montes
774 884 843 921 iter
869 882 1000 927 facere,
1029 883 1074 920 ad
1095 883 1217 919 urbem

142 949 266 996 modo,
281 948 390 985 modo
410 949 444 984 in
467 947 625 986 Galliam
645 962 777 992 versus,
797 957 914 984 castra
932 961 1072 984 movere
1091 962 1101 992 ;
1136 947 1221 983 hos-

142 1012 241 1066 tibus
260 1011 486 1049 occasionem
505 1011 691 1062 pugnandi
707 1025 777 1049 non
793 1012 876 1048 dare
894 1027 904 1056 3
926 1011 1092 1061 sperabat
1105 1024 1219 1060 prope

142 1077 238 1114 diem
258 1090 333 1113 sese
354 1076 575 1119 habiturum,
609 1075 636 1112 si
659 1076 799 1112 Romae
819 1076 905 1112 socii
926 1075 1071 1124 incepta
1101 1084 1222 1124 patra-

142 1139 287 1176 vissent.
347 1140 490 1176 Interea
510 1138 650 1176 servitia
678 1138 904 1187 repudiabat,
933 1141 1034 1189 cujus
1053 1138 1154 1174 initio
1174 1138 1220 1174 ad

141 1217 224 1240 eum
244 1216 394 1254 magnae
414 1203 540 1252 copiae
560 1202 837 1246 concurrebant,
857 1202 988 1251 opibus
1003 1202 1220 1253 conjuratio-

142 1267 195 1304 nis
207 1266 339 1312 fretus3
362 1266 466 1303 simul
481 1266 712 1303 alienumsuis
725 1266 922 1303 rationibus
936 1267 1216 1317 [existumans‚]

144 1330 254 1368 videri
273 1344 436 1368 caussam
455 1330 586 1368 civium
605 1344 688 1367 cum
707 1330 813 1367 servis
832 1330 995 1381 fugitivis
1023 1331 1221 1368 communi-

143 1395 288 1434 cavisse.

198 1524 336 1562 LVII.
370 1525 466 1568 SED,
486 1534 680 1573 postquam
694 1523 728 1559 in
748 1532 864 1560 castra
877 1523 1026 1561 nuncius
1045 1524 1220 1574 pervenit,

147 1589 289 1628 Romae
309 1589 593 1641 conjurationem
621 1587 854 1638 patefactam,
883 1588 927 1624 de
943 1588 1120 1632 Lentulo,
1151 1589 1223 1626 Cc-

144 1655 274 1706 thego,
307 1655 451 1698 ceteris,
495 1667 586 1703 quos
618 1665 725 1702 supra
756 1652 962 1697 memoravi,
1002 1652 1221 1702 supplicmm

144 1729 304 1757 sumtum
323 1734 332 1764 ;
362 1718 538 1768 plerique,
568 1730 659 1767 quos
678 1716 723 1753 ad
742 1715 875 1753 bellum
907 1730 986 1766 spes
1006 1717 1220 1766 rapinarum,

144 1793 208 1824 aut
236 1797 408 1820 novarum
438 1796 557 1819 rerum
590 1781 750 1818 studium
782 1781 956 1825 illexerat,
985 1782 1219 1833 dilabuntur3

144 1849 301 1900 reliquos
317 1847 476 1886 Catilina
496 1861 560 1897 per
588 1846 720 1884 montis
744 1860 888 1896 asperos
916 1847 1054 1898 magnis
1088 1848 1223 1885 itineri-

144 1915 213 1952 bus
239 1915 275 1951 in
293 1927 422 1966 agrum
442 1912 697 1950 Pistoriensem
717 1912 880 1955 abducit,
914 1926 956 1949 eo
977 1912 1140 1956 consilio,
1169 1912 1223 1961 uti

145 1993 211 2029 per
228 1979 390 2016 tramites
423 1976 568 2015 occulte
587 1976 822 2027 perfugerent
852 1977 886 2014 in
918 1977 1088 2016 Galliam.
1159 1979 1220 2016 At

147 2044 198 2094 Q.
221 2043 398 2082 Metellus
419 2041 526 2081 Celer
544 2055 626 2079 cum
646 2041 763 2078 tribus
777 2041 980 2093 legionibus
999 2043 1034 2079 in
1051 2057 1140 2094 agro
1161 2044 1222 2082 Pi-

145 2121 236 2153 ceno
269 2107 510 2158 praesidebat,
543 2121 587 2144 ex
617 2106 833 2144 difficultate
862 2120 980 2143 rerum
1008 2108 1132 2144 eadem
1163 2108 1222 2146 illu

145 2173 377 2223 existumans,
406 2186 497 2223 quae
517 2185 624 2222 supra
642 2171 810 2219 diximus,
844 2171 1035 2210 Catilinam
1069 2174 1219 2225 agitare,
