1497 2689
241 307 316 343 102
432 304 746 343 SALLUSTII
775 305 1119 345 JUGURTHA.

235 415 378 453 lascivia
397 426 621 466 corruperat,
647 431 694 454 ex
714 417 820 467 copia
834 432 951 454 rerum
972 417 1115 462 statuit,
1136 415 1224 453 nihil
1243 416 1310 454 sibi

237 480 462 531 agitandum.

290 610 382 647 XL.
414 610 605 647 INTEREA
636 611 776 647 Romae
800 610 846 648 C.
870 610 1055 648 Mamilius
1080 611 1311 654 Limetanus,

236 674 404 711 tribunus
424 675 554 724 plebis,
574 675 803 725 rogationem
824 676 869 712 ad
888 675 1066 725 populum
1086 675 1312 726 promulgat,

236 738 291 774 uti
322 748 556 788 quaereretur
584 739 619 775 in
650 753 725 783 eos,
759 753 915 789 quorum
946 739 1095 776 consilio
1125 739 1313 791 Jugurtha

237 803 349 839 senati
370 803 518 839 decreta
538 803 759 854 neglegisset
778 819 788 848 3
818 804 954 853 quique
973 805 1018 840 ab
1038 818 1081 840 eo
1101 804 1134 840 in
1158 803 1314 854 legatio-

236 867 355 911 nibus,
387 876 448 903 aut
479 867 650 916 imperiis,
682 868 852 917 pecunias
872 869 1125 918 accepissent3
1155 869 1218 918 qui
1240 867 1314 904 ele-

235 930 407 980 phantos,
436 931 572 980 quique
596 931 769 983 perfugas
789 933 1020 970 tradidissent
1039 949 1049 978 3
1078 933 1165 969 item
1186 932 1248 982 qui
1268 932 1313 969 de

235 1009 340 1045 pace,
370 1005 433 1032 aut
460 995 570 1039 bello,
601 1010 684 1032 cum
715 996 882 1034 hostibus
911 997 1099 1046 pactiones
1125 996 1309 1033 fecissent.

239 1060 344 1097 Huic
364 1061 545 1111 rogationi
575 1061 709 1110 partim
732 1061 867 1098 conscii
889 1062 970 1105 sibi,
1001 1061 1059 1097 alii
1079 1075 1123 1098 ex
1155 1061 1314 1110 partium

237 1125 368 1161 invidia
388 1124 548 1174 pericula
567 1134 782 1168 metuentes,
812 1125 982 1175 quoniam
1005 1135 1130 1176 aperte
1150 1126 1313 1162 resistere

237 1203 308 1225 non
337 1198 521 1239 poterant,
551 1189 637 1238 quin
666 1189 726 1225 illa
754 1199 790 1226 et
820 1190 886 1226 alia
905 1191 990 1227 talia
1010 1191 1152 1240 placere
1173 1191 1240 1227 sibi
1261 1190 1316 1227 fa-

237 1263 428 1298 terentur;
457 1253 602 1291 occulte
630 1268 695 1303 per
723 1254 871 1298 amicos,
901 1268 942 1291 ac
967 1269 1134 1292 maxume
1164 1270 1229 1305 per
1248 1255 1315 1291 ho-

237 1320 349 1356 miues
364 1319 516 1355 nominis
532 1319 673 1361 Latini,
693 1328 730 1355 et
746 1318 862 1355 socios
880 1319 1042 1363 Italicos,
1056 1320 1315 1369 impedimenta

237 1385 426 1434 parabant.
500 1383 573 1420 Sed
603 1382 740 1432 plebes,
772 1383 980 1420 incredibile
1012 1393 1213 1420 memoratu
1245 1393 1314 1428 est,

239 1463 348 1499 quam
377 1450 517 1485 intenta
546 1447 654 1483 fuerit
670 1473 680 1490 ,
701 1456 909 1496 quantaque
930 1448 961 1483 vi
987 1448 1214 1498 rogationem
1239 1451 1316 1500 jus-

239 1514 338 1557 serit,
359 1512 570 1554 decreverit,
590 1510 758 1554 voluerit,
780 1511 895 1561 magis
914 1512 999 1548 odio
1020 1511 1234 1556 nobilitatis,
1255 1513 1315 1549 cui

240 1577 331 1613 mala
350 1576 410 1613 illa
440 1576 672 1626 parabantur,
705 1588 814 1624 quam
834 1589 920 1611 cura
938 1575 1157 1625 reipublicae
1175 1591 1184 1613 :
1213 1584 1316 1613 tanta

238 1641 365 1678 lubido
386 1641 420 1676 in
449 1639 627 1689 partibus.
687 1639 823 1689 Igitur,
852 1640 980 1676 ceteris
1000 1649 1100 1677 metu
1128 1640 1316 1689 perculsis,

241 1706 299 1743 Μ.
324 1706 496 1747 Scaurus,
517 1717 625 1753 quem
641 1702 804 1753 legatum
827 1703 972 1740 Bestiae
988 1718 1096 1753 supra
1110 1705 1316 1749 docuimus,

240 1769 334 1807 inter
350 1768 525 1805 laetitiam
545 1766 660 1817 plebis
679 1775 715 1803 et
732 1781 879 1804 suorum
899 1766 1025 1819 fugam
1045 1768 1187 1818 trepida
1205 1769 1316 1805 etiam

240 1842 319 1870 tum
339 1833 500 1876 civitate,
531 1845 614 1868 cum
633 1845 677 1867 ex
710 1831 876 1868 Mamilia
895 1832 1086 1882 rogatione
1112 1841 1185 1869 tres
1206 1845 1317 1882 quae-

242 1899 368 1935 sitores
398 1905 626 1948 rogarentur,
660 1895 843 1939 effecerat,
875 1896 928 1932 uti
952 1896 1083 1946 ipsein
1103 1910 1146 1933 eo
1167 1910 1315 1933 numero

242 1971 435 1999 crearetur.
487 1961 560 1998 Sed
576 1960 740 2010 quaestio
755 1960 914 1997 exercita
930 1974 1052 2009 aspere
1068 1959 1316 2010 violenterque

241 2043 285 2066 ex
307 2042 463 2071 rumore,
482 2036 519 2064 et
539 2026 699 2063 lubidine
719 2026 858 2076 plebis:
888 2036 930 2063 ut
950 2040 1055 2075 saepe
1074 2025 1314 2069 nobilitatem,

243 2094 292 2130 sic
312 2108 353 2130 ea
372 2101 590 2143 tempestate
608 2092 752 2142 plebem
771 2106 814 2128 ex
836 2091 1000 2128 secundis
1028 2091 1134 2128 rebus
1162 2089 1317 2127 insolen.

243 2158 294 2195 tia
314 2166 472 2208 ceperat.
