1451 2719
333 321 647 361 SALLUSTII
677 323 1014 364 JUGURTHA.
1129 329 1203 366 115

130 430 262 483 procul
281 430 374 470 inter
393 446 430 470 se
448 443 562 478 erant,
591 436 759 485 strepitu,
787 436 883 473 velut
912 436 1035 473 hostes
1067 436 1196 473 adven-

129 505 221 540 tare,
248 495 350 534 alteri
369 499 465 547 apud
485 498 616 535 alteros
635 498 858 536 formidinem
879 499 982 537 simul
1001 510 1036 537 et
1061 501 1195 537 tumul-

127 569 210 598 tum
229 559 344 598 facere
362 576 372 598 :
401 570 438 598 et
459 576 569 611 paene
588 563 828 613 imprudentia
845 564 1034 600 admissum
1056 563 1193 601 facinus

127 623 341 669 miserabile,
369 626 402 661 ni
424 626 602 676 utrimque
622 627 802 677 praemissi
818 628 956 676 equites
976 641 1049 663 rem
1069 627 1195 677 explo-

127 688 311 726 ravissent.
372 690 494 741 Igitur
512 705 578 740 pro
599 700 696 728 metu
717 701 863 740 repente
883 691 1054 742 gaudium
1087 706 1196 729 exor-

127 761 222 796 tum,
250 753 380 790 milites
399 754 488 791 alius
508 755 613 791 alium
629 754 713 792 laeti
733 754 928 804 adpellant,
949 764 1029 791 acta
1041 756 1194 793 edocent

127 825 238 866 atque
257 818 408 854 audiunt
427 833 435 855 :
480 832 540 854 sua
561 819 713 868 quisque
733 818 841 855 fortia
860 818 957 855 facta
976 819 1021 854 ad
1053 818 1194 855 coelum

127 880 232 918 ferre.
290 883 440 932 Quippe
459 897 514 919 res
533 883 707 919 humanae
727 883 776 919 ita
797 896 871 919 sese
886 883 1019 920 habent
1036 898 1044 919 :
1066 883 1101 918 in
1123 884 1196 920 vic-

126 945 220 981 toria
239 945 292 982 vel
313 946 449 997 ignavis
477 946 621 997 gloriari
656 946 768 990 licct;
797 947 966 983 advorsae
999 960 1053 983 res
1085 946 1192 982 etiam

126 1008 243 1046 bonos
262 1009 480 1046 detractant.

178 1135 294 1173 LIV.
351 1135 608 1179 METELLUS,
636 1136 670 1172 in
700 1137 813 1172 isdem
843 1136 968 1172 castris
1000 1136 1194 1185 quatriduo

125 1207 299 1242 moratus,
329 1199 467 1235 saucios
483 1213 566 1235 cum
585 1213 671 1235 cura
690 1199 820 1242 reficit,
849 1199 995 1236 meritos
1023 1200 1057 1235 in
1091 1214 1197 1249 proe-

124 1261 181 1300 liis
200 1275 298 1299 more
319 1262 464 1299 militiae
490 1263 615 1306 donat,
645 1262 826 1299 universos
846 1263 880 1298 in
914 1262 1088 1299 concione
1120 1262 1197 1300 lau-

124 1327 204 1372 dat,
233 1336 342 1379 atque
363 1328 441 1378 agit
461 1327 622 1378 gratias;
652 1327 833 1370 hortatur,
863 1327 908 1362 ad
941 1336 1073 1370 cetera,
1106 1340 1197 1376 quae

125 1391 216 1430 levia
235 1401 332 1436 suut,
359 1405 482 1441 parem
501 1391 657 1427 animum
677 1399 805 1441 gerant
823 1405 832 1427 :
863 1404 929 1440 pro
943 1390 1093 1427 victoria
1113 1390 1198 1427 satis

124 1458 197 1508 iam
211 1465 430 1508 pugnatum,
445 1455 601 1505 reliquos
614 1455 754 1491 labores
769 1468 836 1504 pro
851 1455 983 1503 praeda
997 1454 1087 1491 fore.
1122 1454 1200 1490 Ta-

126 1534 208 1557 men
228 1520 370 1557 interim
389 1519 595 1570 transfugas
614 1528 651 1555 et
672 1518 759 1555 alios
788 1528 1030 1567 opportunos,
1060 1518 1199 1568 Jugur-

126 1584 193 1621 tha
212 1584 274 1621 ubi
294 1584 472 1635 gentium,
501 1595 563 1620 aut
596 1582 685 1632 quid
714 1582 882 1632 agitaret,
912 1595 995 1617 cum
1027 1582 1197 1630 paucisne

127 1656 235 1692 esset,
265 1661 308 1684 an
327 1646 527 1685 exercitum
545 1647 708 1689 haberet,
738 1654 779 1681 ut
799 1658 872 1682 sese
892 1645 1008 1681 victus
1041 1653 1197 1696 gereret,

126 1711 358 1763 exploratum
378 1709 487 1749 misit.
544 1711 606 1747 At
625 1709 683 1746 ille
703 1723 776 1746 sese
802 1709 836 1745 in
856 1708 936 1746 loca
956 1708 1125 1752 saltuosa,
1159 1717 1196 1745 et

126 1786 255 1814 natura
273 1776 424 1820 munita,
443 1783 627 1825 receperat
643 1789 651 1811 :
672 1774 794 1822 ibique
813 1774 970 1823 cogebat
983 1773 1196 1816 exercitum,

127 1855 276 1879 numero
294 1841 482 1878 hominum
497 1838 720 1888 ampliorem,
741 1837 803 1873 sed
817 1837 985 1874 hebetem
999 1837 1198 1873 infirmum-

126 1919 212 1955 que,
241 1905 319 1957 agri
339 1918 380 1942 ac
412 1903 552 1954 pecoris
582 1902 709 1952 magis,
739 1914 846 1950 quarn
878 1899 975 1944 belli,
1003 1899 1194 1937 cultorem.

130 1969 179 2006 Id
196 1982 238 2007 ea
257 1969 375 2020 gratia
393 1967 591 2010 eveniebat,
621 1964 721 2015 quod
751 1974 893 2014 praeter
909 1965 1028 2015 regios
1055 1965 1196 2014 equites

129 2048 237 2071 nemo
257 2034 417 2071 omnium
437 2032 678 2070 Numidarum
697 2043 741 2066 ex
762 2029 851 2080 fuga
865 2042 987 2080 regem
1006 2029 1170 2079 sequitur
1185 2044 1196 2074 ;

130 2112 206 2149 quo
226 2101 401 2150 cujusque
421 2097 557 2134 animus
576 2094 660 2138 fert,
688 2107 732 2130 eo
755 2093 944 2130 discedunt
962 2107 971 2130 ι
1015 2107 1129 2142 neque
1160 2093 1197 2129 id

126 2161 307 2215 flagitium
326 2162 472 2200 militiae
491 2159 639 2198 ducitur
655 2173 665 2195 :
695 2157 747 2194 ita
767 2171 804 2195 se
822 2156 939 2196 meres
959 2157 1105 2196 habent.
1161 2157 1198 2194 1-

618 2222 649 2259 P
678 2223 703 2258 2
