1451 2719
337 328 654 368 SALLUSTII
683 328 1024 368 JUGURTHA.
1170 331 1221 371 97

136 439 200 480 bat
233 454 317 479 eum
343 440 515 485 clamore,
544 441 660 485 voltu,
689 455 793 492 saepe
821 442 975 491 impetu,
1004 448 1114 490 atque
1141 440 1218 477 aliis

137 505 319 550 onmibus,
350 519 442 557 quae
462 507 513 543 ira
533 506 609 543 fieri
629 515 739 550 amat,
768 506 851 542 vicit
876 514 996 542 tamen
1029 503 1220 553 impuden-

136 570 200 608 tia.
259 570 320 608 Ita
339 570 497 620 populus
517 570 674 607 ludibrio
694 571 840 607 habitus
859 583 904 607 ex
939 569 1114 606 concione
1145 569 1216 606 dis-

134 634 270 678 cessim
300 635 507 686 Jugurthae
539 634 769 683 Bestiaeque,
802 642 839 670 et
859 633 1003 678 ceteris,
1031 646 1124 682 quos
1154 632 1216 669 illa

136 698 303 748 quaestio
322 698 549 750 exagitabat,
578 698 684 734 animi
705 706 919 748 augescunt.

192 826 369 864 XXXV.
428 827 491 864 EA
521 835 599 864 erat
629 835 846 876 tempestate
882 826 1023 863 Romae
1057 825 1217 863 Numida

138 889 300 940 quidam,
328 890 470 927 nomine
490 890 662 933 Massiva,
693 889 875 928 Gulussae
908 890 1016 934 filius,
1052 889 1220 927 Masinis-

139 967 197 991 sae
217 968 328 1004 nepos
343 969 354 991 a
383 955 461 1004 qui,
481 954 565 1004 quia
581 955 615 990 in
636 954 854 991 dissensione
870 969 996 1006 regum
1011 954 1218 1005 Jugurthae

138 1018 310 1055 advorsus
343 1017 475 1062 fuerat,
504 1018 628 1055 dedita
648 1018 765 1062 Cirta,
793 1028 830 1056 et
862 1018 1078 1056 Adherbale
1110 1019 1219 1055 inter-

140 1081 254 1126 fecto,
277 1081 458 1134 profugus
477 1096 521 1119 ex
541 1081 676 1120 Africa
693 1084 842 1121 abierat.
900 1082 1004 1120 Huic
1022 1084 1089 1133 Sp.
1109 1082 1220 1120 Albi-

139 1160 219 1190 nus,
248 1146 311 1196 qui
331 1160 512 1196 proxumo
532 1160 626 1183 anno
645 1158 730 1196 post
752 1148 913 1185 Bestiam
940 1162 1024 1185 cum
1057 1149 1108 1198 Q.
1144 1146 1220 1185 Mi-

138 1211 248 1247 nucio
271 1209 374 1247 Rufo
389 1209 619 1247 consulatum
635 1212 800 1262 gerebat,
820 1213 1028 1262 persuadet,
1049 1212 1220 1263 quoniam

136 1288 182 1312 ex
203 1275 315 1324 stirpe
335 1274 548 1313 Masinissae
569 1275 628 1319 sit,
656 1276 881 1327 Jugurtham
909 1276 958 1312 ob
980 1275 1113 1313 scelera
1132 1275 1219 1312 invi<

137 1339 197 1377 dia
216 1353 300 1376 cum
321 1348 422 1377 metu
438 1349 594 1391 urgueat
612 1355 622 1384 ;
643 1354 796 1392 regnum
817 1341 1012 1379 Numidiae
1031 1341 1077 1378 ab
1094 1350 1220 1378 senatu

138 1413 257 1454 petat.
300 1403 462 1448 Avidus,
483 1404 623 1448 consul,
642 1404 727 1442 belli
741 1406 910 1456 gerundi,
930 1419 1085 1449 movere,
1106 1419 1217 1455 quam

139 1481 322 1505 senescere
341 1468 475 1512 omnia,
506 1468 691 1506 malebat:
721 1469 790 1519 ipsi
818 1469 1003 1519 provincia
1034 1470 1221 1513 Numidia,

141 1531 310 1570 Minucio
330 1531 553 1576 Macedonia
572 1542 752 1570 evenerat.
783 1534 889 1583 Quae
909 1542 1105 1584 postquam
1122 1533 1223 1570 Mas-

140 1598 216 1635 siva
234 1598 373 1649 agitare
392 1597 531 1647 coepit,
560 1611 676 1647 neque
695 1597 904 1649 Jugurthae
927 1599 961 1635 in
982 1599 1105 1635 amicis
1135 1597 1221 1635 satis

143 1663 313 1713 praesidii
331 1671 400 1706 est,
431 1661 531 1711 quod
558 1675 683 1698 eorum
712 1661 822 1698 alium
852 1663 1085 1706 conscientia,
1113 1662 1223 1699 alium

143 1726 235 1764 mala
254 1726 362 1770 fama,
382 1735 420 1763 et
437 1726 547 1762 timor
575 1725 794 1775 impediebat
811 1742 823 1771 ;
851 1726 1059 1771 Bomilcar-i,
1087 1741 1225 1777 proxu-

143 1805 204 1828 mo
223 1805 265 1828 ac
285 1803 451 1827 maxume
473 1789 546 1826 fido
567 1789 647 1832 sibi,
676 1790 842 1839 imperat,
861 1791 993 1840 pretio,
1013 1791 1119 1828 sicuti
1133 1790 1225 1827 mul-

143 1863 184 1893 ta
203 1853 426 1898 confecerat,
454 1853 679 1890 insidiatores
695 1853 874 1891 Massivae
893 1864 1010 1904 paret,
1038 1869 1080 1892 ac
1100 1868 1226 1892 maxu-

144 1933 202 1958 me
221 1919 396 1963 occulte;
427 1919 479 1955 sin
513 1918 550 1955 id
582 1931 709 1968 parum
741 1918 928 1968 procedat,
957 1920 1084 1969 quovis
1115 1919 1224 1957 modo

145 1983 347 2022 Numidam
367 1981 576 2019 interficiat.
634 1982 819 2019 ‘Bomilcar
851 1993 990 2020 mature
1011 1984 1107 2035 regis
1127 1997 1227 2021 man-

147 2048 234 2086 data
252 2046 466 2097 exsequitur
483 2061 491 2084 :
522 2055 573 2090 et,
593 2060 660 2096 per
673 2047 835 2084 homines
854 2046 936 2084 talis
956 2048 1095 2099 negotii
1115 2048 1228 2085 artifi-

147 2126 224 2156 ces,
253 2111 383 2149 itinera
412 2124 652 2162 egressusque
682 2113 772 2162 ejus,
803 2120 988 2161 postremo
1016 2111 1097 2150 loca
1116 2122 1228 2162 atque

146 2186 315 2228 tempora
329 2184 476 2221 cuncta,
492 2175 679 2226 explorat:
697 2176 840 2221 deinde,
857 2176 919 2214 ubi
935 2190 990 2214 res
1002 2177 1229 2227 postulabat,

670 2240 709 2277 N
