1497 2689
231 323 304 359 188
397 318 711 358 SALLUSTII
743 317 1132 358 FRAGMENTA.

231 446 325 484 quae
345 433 449 469 victis
478 431 663 469 toleranda
695 440 791 475 sunt,
820 445 875 477 ea,
905 445 988 468 cum
1008 430 1126 468 facere
1146 429 1311 486 possitis,

232 498 416 549 patiamini
438 497 562 547 potius
582 504 715 533 censet.
776 496 835 532 Ita
855 495 904 532 ilh'
925 509 945 532 a
964 495 1065 532 vobis
1084 508 1225 546 pacem,
1245 509 1311 532 vo-

233 564 288 601 bis
309 564 353 600 ab
374 562 435 599 illo
455 561 604 605 bellum,
626 562 765 598 suadet.
807 560 915 598 Haec
932 561 960 598 si
980 560 1138 611 placent,
1163 561 1190 599 si
1206 569 1313 598 tanta

235 628 392 677 torpedo
408 627 545 663 animos
566 625 759 676 oppressit,
775 634 830 669 ut,
845 624 949 662 obliti
965 624 1139 663 scelerum
1160 626 1312 668 Cinnae,

237 695 339 744 cujus
366 692 401 728 in
431 692 557 729 urbem
586 690 705 728 reditu
735 691 844 727 decus
873 690 1007 727 ordinis
1035 690 1140 742 hujus
1162 690 1313 735 interiit,

237 756 468 793 nihilominus
488 769 564 799 vos,
585 764 695 805 atque
715 757 904 806 conjuges,
933 764 971 791 et
990 754 1135 799 liberos,
1166 754 1314 805 Lepido

237 821 445 871 permissuri
478 820 582 865 sitis3
613 814 703 870 quid
731 834 824 869 opus
855 820 1039 858 decretis?
1067 820 1156 871 quid
1182 820 1317 858 auxilio

238 884 361 923 Catuli
379 886 391 922 ?
420 884 505 934 quin
525 884 554 921 is
574 893 610 921 et
630 884 688 920 alii
707 884 793 921 boni
814 884 1074 935 rempublicam
1101 884 1235 922 frustra
1254 898 1319 923 cu·-

239 959 332 987 rant.
391 949 527 1000 Agite,
558 949 611 985 uti
636 948 769 994 lubet3
798 958 922 998 parate
941 949 1042 986 vobis
1062 949 1236 1001 Cethegi,
1264 957 1321 987 at-

240 1028 312 1064 que
332 1013 399 1050 alia
418 1013 649 1063 proditorum
668 1013 882 1063 patrocinia,
902 1013 963 1063 qui
983 1013 1123 1064 rapinas
1142 1022 1180 1051 et
1197 1013 1320 1051 incen-

241 1078 299 1115 dia
319 1078 515 1115 instaurare
535 1078 704 1127 cupiunt,
731 1087 767 1115 et
797 1092 918 1115 rursus
938 1079 1130 1116 advorsum
1150 1080 1236 1117 deos
1256 1093 1321 1130 pe-

241 1151 341 1179 nates
372 1155 497 1179 manus
530 1155 678 1178 armare.
749 1142 812 1180 Sin
842 1142 989 1180 libertas
1021 1152 1060 1180 et
1092 1157 1173 1180 vera
1205 1142 1321 1194 magis

240 1207 402 1257 placent,
422 1206 604 1244 decernite
626 1206 737 1257 digna
750 1207 907 1251 nomine,
927 1217 964 1244 et
984 1217 1116 1259 augete
1134 1208 1320 1259 ingenium

242 1271 324 1308 viris
346 1270 515 1308 fortibus.
575 1270 700 1308 Adest
715 1284 829 1307 novus
848 1272 1043 1316 exercitus,
1063 1273 1109 1309 ad
1129 1272 1200 1309 hoc
1220 1271 1322 1309 colo-

242 1335 320 1372 niae
337 1344 498 1372 veterum
514 1333 684 1377 militum,
701 1335 869 1372 nobilitas
884 1336 1013 1380 omnis,
1029 1336 1140 1373 duces
1155 1335 1319 1386 optumi3

244 1399 393 1436 fortuna
422 1398 587 1436 meliores
619 1399 807 1448 sequitur:
842 1401 913 1450 jam
942 1400 1015 1444 illa,
1047 1414 1139 1451 quae
1167 1399 1323 1437 collecta

247 1474 330 1502 sunt
353 1464 516 1501 secordia
534 1473 669 1508 nostra,
686 1463 902 1500 dilabentur.
961 1464 1084 1513 Quare
1099 1463 1150 1501 ita
1164 1477 1293 1501 censeo
1309 1478 1319 1502 :

248 1528 419 1578 quoniam
450 1528 618 1577 Lepidus
637 1527 851 1571 exercitum,
879 1527 1021 1577 privato
1041 1527 1190 1564 consilio
1218 1540 1323 1578 para-

242 1603 337 1637 tum,
366 1608 448 1631 cum
471 1593 661 1644 pessumis,
689 1604 725 1630 et
745 1591 912 1630 hostibus
932 1592 1165 1642 reipublicae,
1194 1600 1322 1629 contra

243 1660 351 1711 hujus
371 1659 506 1696 ordinis
526 1658 784 1695 auctoritatem
804 1657 995 1694 advurbem
1015 1656 1144 1702 ducit;
1173 1666 1215 1693 ut
1235 1656 1325 1707 Ap-

244 1725 325 1774 pius
346 1723 537 1767 Claudius,
561 1723 732 1765 interrex,
762 1735 845 1758 cum
866 1723 917 1773 Q.
939 1721 1074 1759 Catulo
1093 1721 1324 1772 proconsule,

245 1797 283 1826 et
302 1788 446 1832 ceteris,
476 1787 610 1837 quibus
629 1786 820 1836 imperium
839 1796 907 1829 est,
937 1786 1017 1822 urbi
1040 1785 1218 1835 praesidio
1239 1785 1324 1830 sint,

246 1866 467 1904 operamque
499 1851 601 1896 dent,
631 1865 675 1887 ne
697 1851 786 1902 quid
808 1849 1011 1901 respublica
1031 1850 1238 1888 detrimenti
1265 1864 1326 1888 ca-

248 1917 337 1967 piat.

314 1980 385 2018 Uti
420 1980 600 2030 Lepidus,
633 1988 672 2016 et
706 1978 875 2024 Catulus,
909 1979 1063 2017 decretis
1091 1979 1327 2026 exercitibus,

248 2054 468 2082 maturrume
488 2044 817 2094 proficiscerentur.
879 2045 1051 2090 Carisius,
1070 2045 1128 2083 lib.
1148 2047 1198 2082 iii.

304 2109 362 2147 Μ.
387 2109 532 2159 Lepido
552 2123 636 2146 cum
657 2108 824 2146 omnibus
844 2109 959 2159 copiis
982 2109 1088 2147 Italia
1107 2109 1226 2160 pulso,
1246 2123 1328 2162 seg·

249 2175 328 2219 nior
354 2187 470 2226 neque
499 2174 616 2213 minus
646 2172 777 2226 graviS,
804 2174 869 2212 sed
887 2173 1079 2225 multiplex
1098 2188 1185 2212 cura
1203 2183 1330 2227 patres
