1451 2719
318 315 634 357 SALLUSTII
663 315 1003 357 JUGURTHA.
1143 319 1194 355 89

109 437 217 482 gatos
235 429 440 481 Jugurthae
459 429 569 480 recipi
598 430 807 468 moenibus:
852 429 945 481 iique
978 428 1179 472 decrevere,

109 495 175 532 nisi
204 508 368 545 regnum,
411 495 613 546 ipsumque,
646 496 809 532 deditum
830 495 1019 538 venissent,
1062 494 1116 530 uti
1144 494 1179 530 in

108 558 236 596 diebus
260 559 492 608 [proxumis]
517 559 642 596 decem
668 559 774 596 Italia
797 558 1025 595 decederent.
1082 557 1182 594 Con-

109 621 165 660 sul
179 622 348 660 Numidis
368 636 411 659 ex
433 623 543 660 senati
563 624 710 660 decreto
726 622 883 660 nunciari
898 622 1027 673 jubet:
1049 621 1112 666 ita,
1127 621 1182 658 in-

109 686 215 724 fectis
234 687 354 731 rebus,
373 687 423 723 illi
442 688 590 724 domum
610 687 813 724 discedunt.
859 685 1010 723 Interim
1025 684 1182 735 Calpur-

108 750 201 794 nius,
235 760 361 800 parato
393 751 569 795 exercitu,
611 751 711 803 legat
743 750 810 788 sibi
842 749 1004 786 homines
1037 748 1181 794 nobilis,

108 813 295 858 factiosos,
324 829 476 865 quorum
492 816 722 859 auctoritate,
751 827 841 866 quae
861 813 1083 865 deliquisset,
1102 827 1181 851 mu-

107 879 183 916 nita
202 879 279 916 fore
299 880 492 929 sperabat:
525 880 559 916 in
585 882 666 931 quis
699 879 769 916 fuit
805 879 974 922 Scaurus,
1002 880 1103 929 cujus
1135 878 1180 915 de

108 952 236 980 natura
254 952 291 979 et
309 943 437 980 habitu
457 957 563 992 supra
582 943 866 980 memoravimus.
925 942 1022 979 Nam
1040 941 1074 977 in
1095 955 1183 979 con-

109 1006 184 1043 sule
204 1015 327 1043 nostro
347 1005 479 1042 multae
499 1007 687 1056 bonaeque
717 1016 811 1042 artes
830 1005 936 1042 animi
963 1014 1001 1042 et
1020 1005 1182 1055 corporis

107 1079 223 1114 erant,
252 1083 339 1120 quas
358 1069 473 1106 omnis
493 1069 636 1105 avaritia
664 1070 918 1119 praepediebat
936 1085 945 1106 ε
976 1070 1115 1118 patiens
1134 1070 1184 1107 la-

108 1135 252 1177 borum,
280 1137 353 1170 acri
371 1132 530 1183 ingenio,
559 1132 643 1180 satis
675 1132 880 1181 providens,
908 1131 992 1168 belli
1011 1132 1108 1170 haud
1127 1133 1183 1185 ig-

109 1211 227 1240 narus,
255 1196 489 1233 firmissumus
510 1203 637 1232 contra
655 1194 814 1245 pericula
833 1204 871 1231 et
894 1195 1049 1232 insidias.
1109 1196 1183 1234 Sed

108 1261 269 1313 legiones
288 1273 353 1310 per
373 1258 516 1296 Italiam
548 1259 748 1309 Rhegium,
777 1267 886 1309 atque
904 1258 986 1296 inde
1009 1259 1181 1305 Siciliam,

109 1339 220 1376 porro
238 1339 283 1362 ex
318 1323 440 1361 Sicilia
460 1323 493 1360 in
527 1322 712 1367 Africam,
751 1331 987 1360 transvectae.
1060 1324 1183 1375 Igitur

110 1388 329 1440 Calpurnius
348 1387 464 1432 initio,
493 1387 626 1437 paratis
646 1387 921 1432 commeatibus,
949 1389 1080 1426 acriter
1104 1389 1184 1427 Nu-

110 1454 254 1492 midiam
274 1453 454 1504 ingressus
473 1460 542 1495 est,
570 1451 704 1489 multos
737 1451 897 1488 mortalis
925 1460 963 1489 et
996 1452 1092 1490 urbis
1121 1453 1185 1490 ali-

112 1526 203 1570 quot
222 1515 422 1568 pugnando
442 1515 554 1565 capit.

166 1645 326 1683 XXIX.
359 1645 454 1688 San,
490 1643 549 1681 ubi
569 1644 754 1695 Jugurtha
773 1658 838 1694 per
856 1644 997 1697 legatos
1029 1646 1183 1696 pecunia

111 1718 265 1753 tentare,
304 1707 474 1758 bellique,
504 1709 604 1758 quod
636 1708 920 1752 administrabat,
953 1711 1184 1759 asperitatem

113 1773 314 1816 ostendere,
333 1772 470 1822 coepit,
498 1772 634 1809 animus
659 1786 766 1823 aeger
798 1774 944 1811 avaritia
976 1773 1080 1812 facile
1099 1790 1186 1812 con-

112 1850 233 1875 versus
251 1846 319 1874 est.
377 1836 550 1874 Ceterum
571 1837 689 1873 socius
720 1845 757 1873 et
787 1837 995 1875 administer
1025 1839 1186 1876 omnium

112 1902 342 1940 consiliorum
361 1901 561 1938 adsumitur
582 1901 762 1938 Scaurus:
793 1901 868 1951 qui,
889 1902 1032 1940 tametsi
1051 1917 1071 1940 a
1090 1904 1187 1954 prin.

113 1966 224 2016 cipio,
250 1965 430 2016 plerisque
449 1979 493 2001 ex
514 1964 672 2002 factione
688 1967 762 2016 ejus
781 1966 975 2015 corruptis,
1004 1980 1187 2005 acerrume

113 2041 236 2082 regem
255 2030 529 2081 impugnaverat
546 2045 557 2074 ;
577 2038 711 2073 tamen,
732 2029 980 2081 magnitudine
998 2033 1186 2081 pecuniae,

114 2108 135 2132 a
152 2095 250 2132 bono
269 2095 495 2145 honestoque
515 2094 549 2130 in
579 2107 726 2143 pravum
746 2094 948 2132 abstractus
977 2104 1044 2133 est.
1113 2098 1186 2135 Sed

115 2159 299 2210 Jugurtha
317 2159 473 2209 primum
492 2158 746 2196 tantummodo
766 2157 851 2196 belli
870 2172 1007 2198 moram
1038 2162 1188 2200 redime.

621 2222 666 2260 M
