1497 2689
247 200 325 237 250
635 197 939 238 INDEX.

250 309 462 360 Septimius,
492 309 656 355 Camers,
684 324 704 347 a
735 309 892 349 Catilina
921 310 956 346 in
989 321 1118 360 agrum
1149 308 1326 350 Picenum

299 375 471 418 mittitur,
500 376 562 411 22.

249 438 431 477 Serton'us
453 438 672 488 Hispaniam
691 438 895 476 citeriorem
915 436 1067 474 vastavit
1087 441 1177 476 ιᾹΟΟ.

247 503 394 541 Sextius
425 511 596 552 quaestor
627 503 662 539 in
695 503 854 554 Vagam,
893 501 1098 554 Jugurthae
1131 504 1323 554 oppidum,
1381 536 1385 538 .

297 566 457 604 mittitur
477 569 539 605 90.

245 631 366 676 Sicca,
385 630 577 681 oppidum,
597 631 758 668 omnium
777 630 935 681 primum
954 644 974 667 a
992 631 1015 668 J
1018 631 1179 682 ugurtha
1198 632 1324 671 deficit

299 698 387 733 118.

245 760 400 804 Silanus,
420 760 547 798 consul
567 760 791 812 designatus,
824 760 1038 797 sententiam
1058 753 1103 798 de
1125 762 1323 812 conjuratis

295 824 432 875 primus
452 833 605 876 rogatur
624 828 687 862 40.

244 889 393 927 Sisenna
425 889 562 939 optime
581 898 619 926 et
651 888 925 940 diligentissime
958 889 1135 933 omnium,
1172 890 1235 939 qui
1267 903 1324 928 res

296 953 418 991 Sullae
438 948 575 998 dixere,
603 962 818 1003 persecutus
836 962 893 990 est
916 956 1004 994 157.

243 1019 373 1056 Sittius
394 1018 602 1056 Nucerinus
623 1032 706 1055 cum
726 1017 892 1054 exercitu
911 1017 946 1054 in
968 1009 1206 1063 Mauritania,
1233 1032 1322 1057 con-

294 1082 359 1119 silii
382 1082 562 1120 Catilinae
582 1081 765 1132 particeps
789 1084 848 1119 18.

242 1147 411 1197 Sibyllini
432 1147 513 1183 libri
535 1148 597 1187 37.

242 1211 343 1248 Sulla
363 1211 405 1248 P.
428 1210 556 1248 consul
576 1210 801 1262 designatus,
828 1210 972 1262 legibus
991 1212 1150 1249 ambitus
1169 1212 1320 1251 interro-

289 1284 411 1326 gatus,
433 1289 565 1325 poenas
585 1276 685 1312 dedit
710 1278 770 1312 14.
1196 1315 1200 1319 ,

239 1340 360 1377 Sullae
381 1332 432 1376 L.
453 1339 653 1375 dominatio
674 1338 711 1383 4,
733 1342 770 1378 9.
790 1339 971 1390 prosapia,
996 1341 1181 1386 educatio,
1201 1355 1319 1380 mores

292 1406 379 1444 157.
400 1404 435 1440 in
458 1398 568 1442 Marii
588 1413 706 1441 castra
724 1418 808 1441 cum
827 1404 993 1454 equitatu
1010 1405 1108 1442 venit
1133 1408 1219 1445 158.
1240 1409 1318 1458 ejus

288 1467 486 1505 facundia:
517 1468 634 1504 oratio
655 1468 700 1504 ad
723 1466 916 1505 Bocchum
941 1471 1027 1506 164.
1059 1468 1200 1507 Bocchi
1219 1469 1319 1522 lega-

289 1541 346 1569 tos
366 1531 561 1569 liberaliter
576 1532 687 1569 habet
707 1535 794 1571 166.
817 1531 1012 1576 Volucem,
1034 1532 1176 1570 Bocchi
1188 1533 1318 1580 filium,

287 1600 414 1634 castris
434 1596 530 1633 abire
546 1597 654 1648 jubet
678 1599 765 1635 169.
787 1610 807 1633 a
828 1596 982 1634 Boccho
1001 1597 1147 1635 occulte
1166 1599 1318 1636 accersi-⁴

289 1671 348 1697 tur
371 1663 458 1701 171.
489 1675 572 1697 cum
587 1674 631 1697 co
652 1660 696 1697 de
715 1675 806 1711 pace
838 1669 876 1698 et
908 1661 1098 1711 prodendo
1128 1663 1318 1715 Jugurtha

285 1725 362 1776 agit
387 1726 474 1765 172.
504 1725 706 1774 tyrannidis
726 1724 951 1775 aliorumque
971 1725 1174 1764 facinorum
1198 1741 1218 1765 a
1239 1728 1317 1765 Le-

285 1790 373 1839 pido
394 1800 586 1827 accusatur
617 1792 705 1834 179,
741 1793 812 1827 διε.
842 1790 1124 1840 Damasippum,
1154 1800 1192 1829 et
1225 1784 1315 1831 alios

284 1854 504 1905 hujusmodi,
534 1854 597 1904 qui
631 1853 725 1891 malo
746 1854 834 1904 reip.
856 1864 1057 1900 creverant,
1080 1856 1240 1908 jugulari
1254 1860 1314 1910 ju·-

284 1918 347 1954 bet
369 1922 433 1956 44.

234 1982 384 2027 Suthul,
405 1982 601 2021 Numidiae
620 1983 812 2033 oppidum,
832 1982 894 2021 ubi
906 1983 1002 2035 regis
1022 1983 1181 2023 thesauri
1195 1995 1316 2030 erant,
