1451 2719
346 305 658 346 SALLUSTII
690 304 996 343 CATILINA.
1162 307 1212 341 35

189 418 345 456 XLIV.
377 418 458 456 SED
475 417 714 469 Allobroges,
734 431 777 454 ex
795 423 988 466 praecepto
1007 413 1206 455 Ciceronis,

134 495 200 532 per
219 482 417 521 Gabinium
436 490 575 518 ceteros
594 481 810 518 conveniunt
829 496 839 524 3
869 480 913 516 ab
935 476 1111 520 Lentulo,
1134 477 1206 514 Ce-

135 546 263 598 thego,
294 545 451 589 Statilio,
479 546 563 582 item
584 546 723 588 Cassio,
746 544 931 595 postulant
946 542 1206 594 jusjurandum,

135 610 235 659 quod
250 610 429 661 signatum
455 610 500 646 ad
519 610 604 646 ciw's
619 609 799 660 perferant
818 624 827 645 ε
858 608 959 645 aliter
987 607 1084 643 haud
1103 605 1206 642 facile

133 686 196 710 cos
211 673 257 710 ad
271 682 412 710 tantum
432 665 618 724 negotium
638 672 769 722 impelli
796 686 912 722 posse.
970 671 1106 714 Ceteri,
1122 670 1207 707 nihil

134 737 370 787 suspicantes,
389 737 476 774 dant
493 753 502 774 :
535 738 679 775 Cassius
700 747 810 774 semet
830 751 874 773 co
902 735 1000 772 brevi
1021 743 1207 772 venturum

134 800 340 850 pollicetur,
369 814 409 837 ac
429 800 549 850 paullo
568 810 650 838 ante
667 800 808 851 legatos
827 815 871 837 ex
893 801 980 836 urbe
1012 798 1209 849 proficisci-

135 873 206 901 tur.
265 864 446 902 Lentulus
470 868 576 914 [cum
591 865 669 913 his]
689 865 740 902 T.
759 864 991 901 Volturcium
1006 863 1209 913 quemdam,

136 928 425 971 Crotoniensem,
453 928 579 971 mittit,
609 928 661 965 uti
693 928 920 980 Allobroges
956 928 1068 978 prius,
1102 941 1208 977 quarn

135 993 282 1030 domum
298 1002 504 1044 pergerent,
523 1006 605 1029 cum
621 992 788 1036 Catilina,
804 994 888 1030 data
902 1002 938 1030 ct
954 1001 1104 1041 accepta
1125 992 1208 1035 fide,

135 1057 344 1094 societatem
371 1057 638 1093 confirmarent.
696 1057 780 1105 Ipse
800 1056 993 1093 Volturcio
1012 1056 1150 1092 litteras
1165 1056 1210 1092 ad

135 1120 329 1162 Catilinam
355 1121 434 1163 dat,
467 1133 617 1169 quarum
644 1119 849 1169 exemplum
881 1119 973 1157 infra
1006 1120 1180 1168 scriptum
1199 1134 1208 1156 ε

114 1231 119 1234 .
135 1193 161 1210 “
189 1184 284 1234 Quis
298 1184 377 1228 sim,
391 1198 436 1221 ex
456 1197 500 1220 eo
516 1197 622 1233 quem
642 1183 687 1219 ad
702 1192 739 1220 te
755 1183 845 1227 misi,
865 1197 1077 1234 cognosces.
1138 1184 1211 1220 Fae

135 1248 290 1299 cogites,
318 1248 353 1284 in
374 1256 508 1297 quanta
522 1246 724 1284 calamitate
744 1247 803 1290 sis,
835 1255 872 1283 et
888 1246 1087 1284 memineris
1106 1255 1144 1284 te
1163 1247 1213 1282 vi-

135 1326 214 1350 rum
231 1327 243 1358 ;
271 1312 488 1355 consideres,
508 1310 595 1361 quid
609 1320 692 1347 tuae
707 1311 862 1348 rationes
876 1311 1062 1362 postulent
1081 1327 1091 1357 ;
1113 1312 1214 1348 auxi-

135 1376 221 1412 lium
240 1386 342 1426 petas
357 1377 401 1413 ab
417 1375 595 1418 omnibus,
624 1375 731 1411 etiam
750 1375 795 1411 ab
809 1375 983 1412 infimis.''
1040 1375 1109 1412 Ad
1128 1376 1212 1419 hoc,

137 1442 303 1478 mandata
322 1441 438 1477 verbis
457 1440 518 1476 dat
536 1455 545 1477 ε
579 1440 676 1477 Cum
695 1439 739 1475 ab
760 1448 886 1476 senatu
904 1439 1018 1476 hostis
1029 1439 1213 1491 judicatus

137 1505 196 1549 sit,
225 1519 299 1555 quo
313 1504 462 1542 consilio
483 1503 623 1540 servitia
638 1503 802 1552 repudiet
821 1503 833 1539 ?
860 1503 895 1538 in
916 1504 1003 1540 urbe
1023 1513 1146 1553 parata
1160 1517 1216 1540 es-

138 1585 188 1614 se,
218 1583 309 1620 quae
322 1569 468 1621 jusserit
485 1583 495 1605 ι
526 1582 568 1604 ne
587 1575 781 1604 cunctetur
799 1566 874 1616 ipsc
894 1567 1042 1617 propius
1066 1568 1214 1604 accede-

140 1649 190 1672 rc.

191 1763 324 1801 XLV.
355 1762 440 1800 His
463 1762 568 1799 rebus
583 1761 633 1798 ita
652 1760 755 1803 actis,
783 1761 983 1798 constituta
1002 1775 1123 1806 nocte,
1144 1776 1221 1812 qua‘

139 1827 468 1878 proficiscerentur,
495 1827 639 1869 Cicero,
659 1839 724 1875 per
741 1824 882 1876 legatos
897 1835 1030 1864 cuncta
1047 1828 1214 1872 edoctus,

139 1893 191 1931 L.
212 1892 359 1930 Valerio
380 1891 514 1929 Flacco
547 1899 584 1927 et
600 1890 646 1928 C.
669 1889 853 1933 Pomtino,
881 1892 1120 1940 praetoribus,
1150 1892 1217 1928 im-

140 1965 255 2007 perat,
286 1956 339 1993 uti
358 1956 393 1992 in
412 1964 524 2006 ponte
544 1954 687 1993 Mulvio
706 1969 770 2005 per
802 1956 944 1994 insidias
963 1956 1216 2009 Allobrogum

141 2021 334 2058 comitatus
354 2020 652 2069 deprehendant:
684 2034 758 2056 rem
789 2034 931 2060 omnem
959 2021 1086 2070 aperit,
1115 2024 1216 2073 cujus

143 2085 259 2136 gratia
279 2085 517 2121 mittebantur
534 2099 543 2121 :
575 2093 707 2127 cetera,
736 2085 789 2122 uti
809 2085 909 2122 facto
927 2099 1019 2135 opus
1039 2086 1098 2130 sit,
1118 2086 1168 2122 ita
1183 2099 1220 2122 a-

143 2159 246 2205 gant,
273 2149 463 2200 permittit.
536 2147 717 2186 Homines
748 2149 928 2194 militares,
957 2149 1030 2190 sine
1055 2148 1214 2193 tumultu

638 2212 727 2262 122
