1451 2719
304 302 614 342 SALLUSTII
645 301 947 341 CATILINA.
1110 300 1155 339 Ἦ

98 414 278 459 minandO,
306 414 448 464 plebem
470 415 680 466 exagitare3
709 415 804 459 dein,
832 412 1020 465 largiundo
1053 421 1161 462 atquc

99 478 345 529 pollicitando,
375 479 488 529 magis
507 478 694 515 incendere
712 494 722 523 ;
752 479 801 515 ita
820 478 889 528 ipsi
919 477 1003 514 clari
1033 485 1162 526 poten-

97 552 223 592 tesque
238 542 325 579 fieri.
374 543 512 580 Contra
530 556 591 579 eos
611 555 746 579 summa
765 555 835 591 ope
854 541 1035 577 nitebatur
1049 539 1164 590 plera—

93 621 166 656 que
195 605 374 650 nobilitas,
404 607 515 643 senati
545 608 677 656 specie,
710 620 776 656 pro
808 619 869 642 sua
901 605 1160 656 magnitudine.

97 670 278 720 Namque,
298 671 351 707 uti
371 671 493 720 paucis
514 670 707 714 absolvam,
736 684 800 720 per
823 669 882 706 illa
900 679 1065 719 tempora
1084 669 1165 719 qui-

96 748 251 784 cumque
271 734 526 784 rempublicam
547 736 740 785 agitavere,
768 734 928 771 honestis
948 734 1164 775 nominibus,

96 797 167 841 alii,
197 798 303 834 sicuti
322 797 447 847 populi
462 801 542 849 jura
560 797 807 842 defenderent,
836 812 930 848 pars,
960 812 1032 847 quo
1054 797 1167 833 senati

95 862 293 898 auctoritas
312 875 478 898 maxuma
497 862 591 899 foret
611 878 620 906 ;
641 863 777 899 bonum
796 861 982 912 publicum
1002 860 1167 898 simulan-

97 935 165 969 tes,
194 939 260 975 pro
281 939 343 962 sua
362 926 514 975 quisque
529 926 692 976 potentia
711 927 897 963 certabant
915 941 923 963 :
954 939 1069 975 neque
1090 938 1166 960 mo—

93 990 224 1034 destia,
252 1004 367 1039 neque
387 991 515 1027 modus
535 991 777 1027 contentionis
796 1000 871 1026 erat
889 1005 898 1027 :
931 989 1074 1039 utrique
1094 989 1167 1026 vic-

96 1054 225 1091 toriam
243 1054 437 1090 crudeliter
453 1055 683 1091 exercebant.

150 1183 479 1226 XXXIX-4821),
506 1188 701 1232 postquam
722 1183 792 1220 Cn.
816 1182 1010 1233 Pompeius
1029 1181 1075 1220 ad
1092 1179 1168 1221 bel-

94 1245 170 1283 lum
188 1247 407 1284 maritimum
426 1256 536 1296 atque
557 1246 848 1285 Mithridaticum
869 1247 1021 1293 missus;
1054 1246 1167 1297 plebis

90 1324 184 1360 opes
202 1310 425 1355 imminutae,
446 1324 645 1360 paucorum
665 1310 829 1361 potentia
847 1311 972 1348 crevit.
1018 1311 1075 1348 Hi
1095 1324 1168 1347 ma—

92 1374 281 1426 gistratus,
309 1375 526 1425 provincias,
554 1374 690 1425 aliaque
709 1376 827 1411 omnia
845 1384 967 1412 tenere
983 1390 998 1413 ,-
1028 1375 1096 1425 ipsi
1115 1375 1167 1411 in-

97 1438 207 1483 noxii,
236 1439 416 1482 florentes,
445 1439 518 1476 sine
545 1448 644 1476 metu
674 1447 829 1476 aetatem
861 1452 994 1490 agere;
1023 1448 1169 1476 ceteros

93 1502 237 1554 judiciis
256 1511 402 1547 terrere,
430 1517 503 1552 quo
517 1502 659 1552 plebem
679 1503 713 1539 in
741 1503 957 1553 magistratu
989 1502 1165 1552 placidius

97 1576 335 1612 tractarent-4
365 1567 453 1610 Sed,
482 1567 542 1603 ubi
562 1567 718 1616 primum
736 1567 854 1604 dubiis
874 1568 979 1604 rebus
998 1568 1168 1604 novandis

95 1645 179 1681 spes
198 1630 334 1674 oblata,
361 1640 462 1668 vetus
486 1640 666 1668 certamen
698 1631 833 1668 animos
865 1644 991 1669 eorum
1021 1633 1164 1669 arrexit,

98 1695 214 1746 Quod
235 1695 262 1731 si
281 1695 398 1745 primo
417 1694 554 1745 proelio
585 1694 740 1733 Catilina
759 1696 932 1746 superior,
963 1705 1025 1734 aut
1058 1710 1169 1747 aequa

98 1773 217 1803 manu,
236 1758 454 1796 discessisset
472 1774 482 1804 ;
512 1758 679 1808 profecto
700 1773 830 1810 magna
847 1760 967 1798 clades
982 1770 1090 1810 atque
1110 1775 1170 1799 ca·-

97 1823 237 1860 lamitas
268 1822 526 1873 rempublicam
557 1823 808 1873 oppressisset,
850 1838 965 1874 neque
994 1824 1075 1869 illis,
1108 1825 1169 1875 qui

97 1888 284 1926 victoriam
303 1887 439 1937 adepti,
459 1887 593 1924 diutius
610 1901 653 1924 ea
672 1888 725 1925 uti
752 1887 925 1932 licuisset,
953 1889 1037 1939 quin
1053 1889 1169 1927 defes-

98 1951 144 1989 sis
162 1961 197 1989 et
218 1951 473 2003 exsanguibuS,
501 1952 563 2001 qui
582 1951 662 2001 plus
681 1962 817 2002 posset,
846 1953 1036 2003 imperium
1060 1963 1170 2005 atque

92 2015 301 2054 Jibertatem
319 2025 564 2066 extorqueret.
615 2016 729 2053 Fuere
749 2026 867 2054 tamen
887 2026 989 2054 extra
1007 2021 1171 2070 conjura-

99 2080 235 2118 tionem
266 2080 483 2130 complures,
512 2079 572 2131 qui
591 2080 636 2116 ad
657 2080 848 2118 Catilinam
881 2081 983 2119 initio
1010 2082 1171 2132 profecti

93 2154 182 2183 sunt
199 2160 209 2183 ε
238 2145 273 2181 in
293 2144 348 2182 his
369 2145 423 2182 A.
446 2144 606 2189 Fulvius,
636 2145 808 2183 senatoris
828 2145 944 2191 filius;
975 2161 1096 2197 quem,
1112 2161 1169 2184 re·
