1497 2689
214 300 290 338 {238
596 294 896 336 INDEX.

262 425 380 461 neque
399 409 566 460 precibus
586 423 651 446 nec
672 410 790 459 pretio
809 407 990 458 impellere
1011 407 1216 457 quiverunt,
1234 408 1278 445 ut

263 477 356 513 inter
375 478 582 527 conjuratos
601 474 693 511 falso
712 473 957 510 nominaretur
978 474 1039 509 39.
1060 473 1091 509 ei
1114 471 1278 510 Statilius

263 540 418 576 traditur
450 538 709 576 custodiendus
745 540 807 578 37.
842 550 886 573 ex
921 544 1046 572 senatu
1079 535 1279 587 egredienti

262 603 420 640 nonnulli
441 603 580 653 equites
599 601 720 653 gladio
740 600 952 637 minitantur
970 603 1032 637 40.
1067 601 1142 650 ejus
1161 599 1278 636 oratio

261 677 299 704 et
330 668 506 704 sententia
537 667 580 703 de
609 665 806 718 conjuratis
835 668 900 708 41,
932 667 1002 701 ἃς.
1033 677 1117 701 cum
1136 663 1278 701 Catone

262 740 494 780 comparatur
515 733 577 768 51.

210 795 312 838 Cale,
332 795 456 831 civitas
476 794 510 829 in
533 793 707 830 Flaminia
726 801 764 829 et
785 792 906 831 Gallia
927 794 1015 829 230.

209 859 434 908 Capitolium
455 859 639 894 incensum
660 859 723 898 37.

209 922 650 973 Capsa,oppidum‚cujus
666 921 835 959 conditor
851 920 1034 958 Hercules
1051 920 1172 970 Libys
1191 923 1277 959 150.

263 1001 282 1022 a
302 986 423 1023 Mario
443 986 586 1022 incensa
610 988 696 1023 153.

211 1052 358 1100 Capuae
379 1050 646 1086 distribuuntur
665 1048 817 1085 famiJiae
836 1048 1071 1100 gladiatoriae
1092 1051 1155 1086 24.

209 1115 412 1165 Carthago,
428 1113 567 1164 imperii
585 1113 741 1150 Romani
754 1112 893 1150 aemula
910 1116 945 1150 8.
964 1113 1279 1164 Carthaginienses

261 1179 454 1228 pleraeque
473 1177 627 1214 Africae
646 1177 901 1226 imperitabant
926 1179 1011 1217 137.

208 1242 367 1286 Cassius,
387 1251 546 1291 praetor,
566 1242 612 1278 ad
631 1242 855 1293 Jugurtham
874 1241 1034 1278 mittitur
1054 1244 1116 1280 95.

209 1306 475 1344 Catabathmos
496 1309 559 1345 79.

210 1369 386 1408 Catilinae
415 1383 530 1420 genus
558 1379 594 1406 et
623 1383 740 1406 mores
769 1372 805 1406 4.
836 1369 937 1412 socii,
965 1378 1003 1405 et
1033 1367 1170 1419 flagitia
1197 1381 1280 1404 cum

260 1434 396 1484 virgine
425 1435 560 1470 Vestae
599 1436 658 1476 11,
697 1435 755 1470 12.
790 1447 884 1469 uxor
916 1432 1072 1469 Aurelia
1111 1431 1283 1470 Orestilla

261 1499 305 1535 ib.
327 1497 528 1549 conjuratio
547 1496 660 1547 prior,
681 1496 782 1546 quod
797 1496 1079 1546 repetundarum
1099 1509 1180 1532 reus
1196 1509 1284 1532 con-

262 1561 418 1598 sulatum
437 1570 562 1611 petere
583 1560 842 1610 prohiberetur
869 1562 929 1599 14.
952 1561 1071 1598 oratio
1092 1561 1139 1598 ad
1158 1563 1286 1612 conju-

262 1635 360 1662 ratos
381 1629 441 1663 16.
465 1624 623 1663 Catilina
638 1638 734 1661 arma
753 1639 819 1674 per
840 1625 983 1661 Italiam
1003 1635 1108 1675 parat
1124 1627 1187 1662 20.
1204 1639 1284 1661 mu-

262 1689 378 1733 lieres,
392 1690 427 1725 in
445 1689 578 1739 quibus
599 1689 824 1738 Sempronia,
838 1689 904 1725 sibi
919 1689 1084 1740 adjungit
1099 1690 1162 1726 20.
1177 1688 1284 1726 Cice-

262 1754 340 1790 roni
359 1753 514 1797 insidias,
535 1753 614 1790 urbi
630 1753 795 1789 incendia
809 1753 970 1797 molitur,
987 1753 1050 1789 sed
1064 1752 1201 1789 frustra
1216 1753 1280 1789 21.

264 1818 408 1856 Plautia
436 1817 516 1868 lege
546 1817 806 1869 interrogatus,
836 1817 871 1852 in
902 1826 1064 1854 senatum
1084 1816 1185 1853 venit
1216 1818 1280 1853 25.

262 1883 431 1920 Ciceroni
460 1882 668 1927 maledicit3
698 1882 793 1931 apud
825 1882 870 1919 C.
902 1881 1117 1918 Flaminium
1135 1880 1171 1916 in
1191 1893 1282 1930 agro

263 1947 442 1984 Arretino
455 1946 530 1983 dies
542 1960 677 1996 paucos
690 1955 948 1989 commoratus,
960 1946 995 1982 in
1009 1945 1194 1983 Manliana
1206 1957 1284 1982 cas-

263 2021 319 2048 tra
337 2010 580 2060 proficiscitur
600 2013 770 2049 25—29.
793 2009 991 2047 Massiliam
1010 2011 1045 2046 in
1066 2009 1212 2047 exilium
1230 2007 1282 2045 ire

263 2090 298 2112 se
319 2074 475 2118 simulat,
504 2089 587 2112 cum
606 2075 704 2111 aliud
723 2089 787 2124 per
805 2074 945 2110 litteras
964 2074 1010 2110 ad
1030 2074 1081 2123 Q.
1103 2071 1281 2110 Catulum

264 2140 444 2189 scripserit
464 2142 528 2183 ⁴27,
550 2142 611 2177 23.
633 2138 771 2189 imperii
785 2138 938 2189 insignia
957 2137 1105 2175 assumit
1125 2139 1187 2175 29.
1210 2136 1284 2173 Ca-

265 2205 385 2244 tilinae
403 2205 549 2254 incepta
577 2204 679 2254 plebs
699 2204 831 2254 probat
852 2205 916 2247 29,
939 2206 1000 2242 30.
1023 2202 1165 2247 deinde,
1192 2213 1285 2240 con-
