1497 2689
254 308 330 346 198
414 305 727 346 SALLUSTII
757 303 1144 349 FRAGMENTA.

305 418 392 456 Ictu
418 432 556 463 eorum,
585 420 647 469 qui
666 421 701 456 in
722 420 867 458 flumine
886 421 1052 466 ruebant,
1081 420 1315 458 necabantur.

251 483 388 521 Donat.
408 484 562 535 Adelph.
583 493 650 521 act.
671 485 722 521 iii.
741 500 788 522 sc.
810 487 836 522 2

303 547 564 591 Circumventi‚
584 548 726 592 dextra,
760 548 854 585 unde
874 548 1008 585 ferrum
1026 558 1116 594 erat,
1144 563 1229 587 saxa
1257 557 1320 586 aut

249 611 339 661 quid
357 611 429 648 tale
449 612 560 662 capiti
579 612 814 663 adfligebant.
869 613 1041 650 Arusian.

307 676 381 713 Sed
412 675 585 713 Metellus
613 676 648 712 in
677 675 845 713 ulteriore
870 675 1064 726 provincia.
1119 677 1253 715 Donat.
1274 676 1327 714 ad

248 740 397 781 Phor-m.
417 750 484 777 act.
506 742 534 777 ι’.
554 755 601 777 sc.
619 744 656 778 4.

306 804 469 840 Immane
500 812 676 853 quantum
706 804 810 840 animi
841 817 1015 841 exarsere.
1085 805 1180 841 Non.
1209 819 1322 842 nomen

247 869 402 921 positum
416 876 489 919 pro
506 867 684 905 adverbio.

304 931 365 968 At
385 930 449 975 illi,
469 931 602 981 quibus
621 946 676 968 res
695 931 880 983 incognita
899 940 989 976 erat,
1022 931 1116 969 ivere
1135 930 1258 969 cuncti
1276 930 1323 968 ad

252 1004 390 1047 portas,
409 996 595 1033 incondita
613 1005 746 1033 tenere.
804 999 906 1034 Serv.

306 1061 457 1099 Murum
483 1063 528 1099 ab
555 1062 690 1114 angulo
705 1061 823 1099 dextri
837 1061 957 1099 lateris
977 1063 1022 1098 ad
1042 1061 1211 1111 paludem
1224 1060 1323 1098 haud

254 1126 383 1177 procul
402 1136 577 1165 remotam
596 1127 715 1164 duxit.
773 1129 876 1165 Serv.
934 1127 972 1163 F
971 1126 1128 1165 uldanus.

615 1269 736 1293 Lmen
767 1269 967 1292 ”rma-ius.

309 1384 619 1427 Emummqun
655 1396 763 1420 sonus
794 1382 1128 1420 Bacchanaliorum.
1201 1382 1325 1419 Macr.

264 1449 323 1486 lib.
344 1450 368 1485 i.
389 1457 468 1500 cap.
491 1451 527 1484 4.
550 1449 692 1484 Satura.
751 1448 846 1483 Non.

307 1512 475 1554 Diversa,
495 1510 547 1546 uti
569 1510 660 1547 solet
680 1510 786 1547 rebus
807 1509 970 1559 perditis,
991 1518 1201 1559 capessuntt
1226 1522 1326 1546 nam-

258 1591 328 1627 que
348 1576 419 1619 alii,
449 1575 581 1612 fiducia
601 1574 788 1626 gnaritatis
807 1573 985 1617 locorum,
1014 1574 1049 1610 in
1069 1572 1251 1610 occultam
1270 1572 1328 1610 fu-

255 1656 338 1692 gam
358 1641 493 1691 sparsi3
523 1640 580 1676 alii
600 1639 719 1691 globis
737 1639 965 1689 eruptionem
979 1647 1174 1676 tentavere.
1207 1638 1324 1676 Prisc.

257 1707 315 1743 lib.
336 1723 372 1743 x.
430 1706 525 1743 Non.

312 1771 419 1808 Unus
439 1768 604 1805 constitit
623 1768 657 1804 in
677 1782 766 1818 agro
796 1767 965 1811 Lucano,
994 1781 1124 1819 gnarus
1150 1767 1236 1811 loci,
1265 1782 1331 1804 no-

258 1833 351 1870 mine
372 1832 560 1882 Publipor.
619 1832 679 1869 Id.
699 1832 757 1869 lib.
779 1833 830 1868 vi.
889 1832 1025 1869 Probus
1049 1831 1245 1869 Catholicis.

314 1896 414 1934 Male
429 1899 502 1948 jam
522 1905 704 1933 assuetum
723 1896 768 1932 ad
787 1895 901 1932 omnis
921 1895 971 1932 vis
991 1896 1326 1933 controversiarum.

262 1963 379 2000 Prisc.
400 1962 456 1998 lib.
479 1963 529 1998 vi.

313 2026 570 2078 Conjuratione
590 2025 741 2062 claudit.
798 2025 905 2069 Idem,
925 2025 981 2063 lib.
1001 2042 1041 2062 x.

316 2090 430 2140 Quasi
461 2104 526 2140 par
555 2089 590 2125 in
620 2090 758 2139 oppido
790 2088 986 2134 festinatio,
1014 2099 1051 2127 et
1070 2089 1196 2140 ingens
1214 2098 1331 2126 terror

263 2163 352 2200 erat,
380 2169 422 2192 ne
451 2168 496 2193 ex
526 2154 636 2192 latere
656 2167 746 2190 nova
767 2153 986 2191 munimenta
1003 2153 1148 2191 madore
1175 2153 1332 2190 infirma-
