1497 2689
209 287 261 324 36
413 281 730 341 §ALLUSTII
760 284 1070 326 CATILINA.

209 394 392 445 praesidiis
412 394 614 439 collocatis,
643 394 749 432 sicuti
768 406 1002 446 praeceptum
1025 407 1116 442 erat,
1143 398 1291 444 occulte

213 468 364 510 pontem
383 459 569 496 obsidunt.
628 459 829 509 Postquam
857 462 902 499 ad
919 462 954 499 id
975 461 1046 500 loci
1064 461 1179 514 legati
1208 477 1292 515 cum

214 523 409 561 Volturcio
429 538 569 568 venere,
597 533 634 560 et
654 523 758 561 simul
776 525 955 576 utrimque
983 527 1119 564 clamor
1141 537 1294 566 exortus

216 597 271 625 est
289 603 299 633 ;
332 587 445 632 Galli,
473 588 548 625 cito
568 588 720 640 cognito
750 589 912 635 consilio,
940 591 1012 628 sine
1032 605 1131 628 mora
1148 600 1294 642 praeto·

214 653 313 690 ribus
330 666 366 690 se
386 654 550 691 tradunt.
608 653 822 691 Volturcius
836 654 970 704 primo,
993 656 1207 694 cohortatus
1234 670 1295 707 ce-

215 726 326 760 term,
355 717 478 768 gladio
498 732 534 755 se
555 731 574 754 a
593 717 824 755 multitudine
844 718 1031 766 defendit3
1059 719 1154 765 dein,
1182 720 1245 758 ubi
1272 733 1293 756 a

212 780 342 832 legatis
356 782 518 819 desertus
537 790 605 825 est,
634 782 747 819 multa
760 782 859 832 prius
879 783 924 820 de
939 783 1053 821 salute
1073 798 1136 821 sua
1151 784 1294 822 Pomti-

211 859 297 882 num
316 845 534 889 obtestatus,
563 847 663 896 quod
681 846 713 883 ei
733 855 841 883 notus
860 856 950 892 erat,
978 857 1163 898 postremo
1196 848 1294 885 timi-

213 911 293 954 dus,
321 924 362 947 ac
383 911 476 948 vitae
496 910 675 955 diffidens,
702 910 813 948 veluti
832 911 1013 958 hostibus,
1042 927 1116 950 sese
1144 921 1293 963 praeto-

212 974 310 1012 ribus
329 975 442 1012 dedit.

265 1105 422 1143 XLVI.
467 1106 639 1155 Qmssus
661 1105 767 1142 rebus
783 1105 973 1150 confectis,
1002 1106 1122 1143 omnia
1138 1120 1293 1157 propere

209 1181 274 1219 per
291 1169 441 1206 nuncios
461 1169 599 1206 consuli
614 1169 853 1207 declarantur.
883 1170 945 1207 At
964 1170 1064 1207 illum
1082 1170 1210 1221 ingens
1229 1185 1295 1208 cu-

208 1247 246 1278 ra
265 1243 374 1284 atque
393 1233 530 1271 laetitia
549 1233 653 1270 simul
667 1248 902 1284 occupavere.
962 1235 1058 1272 Nam
1077 1227 1294 1279 laetabatur,

209 1299 456 1350 conjuratione
489 1298 687 1349 patefacta,
715 1299 898 1336 civitatem
938 1298 1105 1348 periculis
1131 1290 1293 1349 ereptam

208 1378 283 1401 esse
299 1379 308 1401 :
340 1378 450 1413 porro
483 1373 603 1400 autem
623 1363 749 1400 anxius
768 1372 858 1407 erat,
890 1363 926 1399 in
960 1377 1129 1400 maxumo
1161 1363 1293 1401 scelere

208 1428 318 1465 tantis
339 1428 476 1464 civibus
491 1427 736 1477 deprehensis,
765 1428 853 1477 quid
873 1427 973 1464 facto
993 1442 1112 1477 opus;
1138 1441 1293 1477 poenam

208 1491 349 1529 illorum
366 1492 431 1528 sibi
444 1492 556 1535 oneri,
572 1491 823 1540 impunitatem
838 1492 1046 1542 perdundae
1061 1491 1294 1541 reipublicae,

209 1557 393 1594 credebat.
454 1556 589 1607 Igitur,
619 1556 834 1593 confirmato
854 1556 986 1600 animo,
1010 1556 1130 1593 vocari
1149 1557 1196 1593 ad
1217 1570 1293 1594 sese

204 1622 312 1672 jubet
332 1620 547 1664 Lentulum,
579 1620 804 1671 Cethegum,
836 1620 1032 1664 Statilium,
1063 1619 1262 1658 Gabinium
1278 1636 1290 1665 ;

208 1686 296 1723 item
316 1688 366 1736 Q.
390 1685 610 1735 Coeparium
631 1685 835 1734 quemdam,
855 1684 1166 1729 Terracinensem,
1182 1685 1292 1734 quiin

208 1751 388 1801 Apuliam
420 1750 466 1786 ad
498 1750 714 1787 concitanda
745 1749 886 1787 servitia
913 1749 1094 1799 proficisci
1126 1751 1289 1799 parabat.

208 1815 331 1854 Ceteri
353 1815 425 1852 sine
445 1828 544 1851 mora
556 1814 702 1851 veniunt
718 1829 727 1851 ε
759 1814 972 1863 Coe-parius,
991 1814 1112 1864 paullo
1127 1823 1210 1852 ante
1225 1815 1294 1868 do?

209 1896 269 1917 mo
289 1894 468 1932 egressus,
497 1880 649 1931 cognito
670 1879 816 1923 indicio,
842 1882 909 1929 [ex
925 1879 1037 1928 urbe]
1061 1878 1289 1930 profugerat.

211 1945 349 1984 Consul
370 1944 587 1988 Lentulum,
616 1944 715 1993 quod
735 1952 881 1993 praetor
899 1951 988 1986 erat,
1016 1943 1092 1992 ipse
1112 1957 1218 1980 manu
1236 1952 1293 1996 te7

209 2025 308 2053 nens,
328 2006 496 2060 perducit
512 2024 522 2054 3
552 2007 709 2058 reliquos
739 2021 823 2044 cum
856 2007 1068 2044 custodibus
1101 2007 1136 2044 in
1166 2008 1291 2059 aedem

211 2074 440 2113 Concordiae
462 2073 577 2110 venire
591 2073 710 2124 jubet.
742 2073 802 2110 Eo
823 2080 986 2108 senatum
1005 2072 1171 2116 advocat,
1189 2064 1292 2124 mag{

209 2154 324 2190 naque
344 2139 547 2190 frequentia
565 2140 642 2189 ejus
661 2137 795 2175 ordims
823 2136 1058 2175 Volturcium
1091 2150 1174 2174 cum
1191 2136 1293 2190 lega:
