1497 2689
237 280 310 315 12²4·
429 274 743 314 SALLUSTII
772 276 1114 317 JUGURTHA.

234 388 353 432 liatus,
382 402 465 425 curn
489 388 564 437 ipse
583 388 629 424 ad
646 388 892 438 imperandum
910 390 1092 428 Tisidium
1112 398 1317 434 vocaretur,

235 467 355 490 rursus
375 452 497 502 coepit
518 452 662 490 flectere
681 454 837 491 animum
857 469 973 499 suum,
993 464 1030 492 et
1049 469 1093 492 ex
1114 453 1206 491 mala
1224 467 1313 491 con-

239 519 387 555 scientia
416 518 526 568 digna
545 518 686 556 timere.
744 520 930 570 Denique,
958 520 1081 557 multis
1101 520 1229 557 diebus
1253 532 1318 568 per

244 582 509 619 dubitationem
539 583 777 632 consumptis,
807 598 890 620 cum
918 585 1026 621 modo
1053 584 1174 621 taedio
1199 595 1319 620 rerum

245 647 476 682 advorsarum
505 646 622 682 omnia
651 646 746 683 bello
774 648 919 696 potiora
943 648 1106 691 duceret,
1137 647 1319 684 interdum

238 723 361 747 secum
380 711 456 760 ipse
475 717 675 759 reputaret,
691 724 799 759 quam
815 712 933 761 gravis
953 725 1055 748 casus
1074 712 1108 747 in
1130 711 1313 749 servitium

239 788 283 811 ex
306 789 419 825 regno
440 774 562 818 foret;
596 774 718 811 multis
733 775 946 826 magnisque
965 775 1149 825 praesidiis
1169 775 1320 825 nequid-

238 852 344 889 quam
378 837 541 887 perditis‚
575 838 620 874 de
653 838 797 889 integro
831 839 965 876 bellum
994 839 1114 875 sumit.
1176 839 1318 876 Romae

246 911 404 945 senatus,
433 902 478 938 de
497 902 690 952 provinciis
711 903 912 948 consultus,
932 905 1143 943 Numidiam
1165 902 1321 942 Metello

241 969 462 1005 decreverat.

294 1096 459 1134 LXIII.
482 1096 566 1133 PER
584 1095 678 1132 idem
697 1105 842 1147 tempus
864 1098 998 1136 Uticae
1014 1097 1110 1134 forte
1125 1097 1171 1135 C.
1194 1095 1320 1134 Mario

238 1176 304 1212 per
332 1162 467 1198 hostias
496 1161 551 1197 dis
582 1160 822 1210 supplicante,
851 1171 983 1213 magna
1003 1170 1117 1212 atque
1146 1160 1323 1197 mirabilia

238 1226 408 1276 portendi
440 1226 621 1274 haruspex
654 1225 821 1262 dixerat:
866 1220 1033 1275 proinde,
1076 1239 1169 1275 quae
1203 1225 1322 1262 animo

238 1291 417 1342 agitabat,
447 1289 562 1326 fretus
584 1289 639 1325 dis
660 1297 815 1339 ageret;
845 1289 1031 1327 fortunam
1054 1303 1163 1339 quam
1193 1289 1325 1339 saepis-

239 1370 338 1393 sume
362 1355 619 1404 experiretur;
649 1362 783 1390 cuncta
812 1368 986 1404 prospera
1015 1361 1203 1390 eventura.
1262 1354 1324 1391 At

238 1419 339 1456 illum
355 1422 429 1470 jam
444 1417 775 1454 antea‘consulatus
791 1417 918 1468 ingens
934 1418 1070 1467 cupido
1085 1417 1322 1468 exagitabat:

239 1485 285 1521 ad
305 1497 413 1534 quem
433 1483 654 1532 capiundum
674 1493 819 1532 praeter
837 1490 1058 1519 vetustatem
1077 1481 1233 1519 familiae
1254 1481 1325 1518 alia

240 1548 361 1586 omnia
391 1547 535 1584 abunde
568 1555 698 1591 erant3
742 1546 933 1591 industria,
966 1546 1148 1596 probitas,
1178 1545 1326 1583 militiae

240 1626 372 1664 magna
393 1611 555 1655 scientia,
584 1611 723 1647 animus
743 1609 830 1647 belli
851 1610 995 1661 ingens,
1026 1610 1126 1647 domi
1146 1610 1325 1655 modicus,

244 1677 415 1714 lubidinis
445 1684 483 1712 et
513 1675 721 1712 divitiarum
740 1675 870 1718 victor,
900 1673 1156 1711 tantummodo
1185 1673 1325 1724 gloriae

244 1742 385 1779 avidus.
446 1740 519 1778 Sed
538 1740 580 1783 is,
610 1749 716 1776 natus
735 1749 771 1776 et
791 1753 935 1776 omnem
964 1739 1157 1789 pueritiam
1180 1738 1319 1788 Arpini

241 1807 350 1850 altus,
380 1805 442 1842 ubi
462 1805 618 1854 primum
638 1813 736 1840 aetas
756 1804 906 1841 militiae
924 1804 1064 1854 patiens
1081 1803 1166 1848 fuit,
1188 1803 1326 1853 stipen-

242 1871 309 1908 diis
330 1869 521 1913 faciundis,
554 1883 624 1905 non
658 1868 804 1906 Graeca
823 1868 1005 1912 facundia,
1034 1882 1151 1918 neque
1181 1867 1325 1904 urbanis

242 1933 443 1977 munditiis,
473 1946 547 1969 sese
576 1932 765 1970 exercuit:
795 1933 846 1969 ita
873 1932 967 1969 inter
993 1932 1079 1969 artis
1097 1933 1210 1969 bonas
1231 1932 1327 1968 inte-

244 2014 351 2052 grum
372 1998 557 2049 ingenium
577 1998 675 2034 brevi
696 1997 866 2035 adolevit.
927 1999 1046 2050 Ergo,
1078 1998 1141 2035 ubi
1167 1998 1325 2047 primum

245 2065 471 2102 tribunatum
500 2062 691 2099 militarem
711 2076 730 2098 a
759 2062 899 2112 populo
927 2062 1035 2112 petit,
1064 2061 1245 2112 plerisque
1274 2061 1328 2098 fa-

247 2129 339 2168 ciem
357 2131 433 2182 ejus
448 2127 715 2178 ignorantibus,
735 2126 841 2165 facile
857 2136 979 2172 notuS,
999 2141 1065 2178 per
1079 2126 1194 2164 omnis
1210 2126 1326 2164 tribus
