1451 2719
287 324 601 362 SALLUSTII
633 325 938 364 CATILINA.
1104 329 1157 364 29

80 449 165 475 cum
186 434 346 472 fascibus
366 444 475 484 atquc
501 434 576 472 aliis
596 435 734 486 imperii
760 436 962 485 insignibus
983 435 1016 471 in
1038 445 1155 473 castra

80 501 127 538 ad
154 498 333 537 Manlium
352 499 555 536 contendit.
614 500 720 537 Haec
742 500 804 536 ubi
828 501 969 537 Romae
990 514 1159 550 comper-

83 574 142 609 ta;
169 571 313 600 senatus
347 562 540 600 Catilinam
559 573 596 600 et
627 564 808 601 Manlium
834 564 957 601 hostes
985 564 1157 615 judicat;

82 636 225 666 ceterae
258 626 482 664 multitudini
516 627 610 664 diem
643 628 786 672 statuit,
825 637 907 664 ante
940 642 1048 678 quam
1087 628 1160 664 sine

83 692 210 729 fraude
246 691 372 729 liceret
408 692 454 728 ab
488 693 594 729 armis
627 693 824 737 discedere,
866 702 1012 742 praeter
1042 706 1159 729 rerum

83 756 295 806 capitalium
328 756 636 793 condemnatis.>
673 757 865 794 Praeterea
895 757 1072 800 decernit,
1106 756 1161 794 uti

83 820 249 859 consules
268 820 443 858 dilectum
465 821 621 858 habeant
640 836 649 867 ;
681 821 871 858 Antonius
895 835 979 858 cum
997 821 1159 857 exercitu

86 887 282 926 Catilinam
315 887 480 937 persequi
510 895 665 924 maturet
685 902 695 935 3
726 887 857 925 Cicero
878 887 959 923 urbi
980 886 1159 936 praesidio

87 951 146 988 sit.
204 951 262 988 Ea
281 959 498 1000 tempestate
518 950 604 987 mihi
625 950 814 1000 imperium
843 950 972 1000 populi
1004 950 1165 987 Romani

89 1015 206 1052 multo
226 1028 392 1051 maxume
413 1014 611 1051 miserabile
628 1014 766 1051 visum:
798 1014 856 1050 cui
876 1028 973 1058 cum,
994 1015 1039 1051 ad
1059 1028 1166 1051 occa-

90 1093 171 1116 sum
199 1079 245 1116 ab
275 1086 360 1115 ortu
392 1077 489 1121 solis,
522 1077 644 1114 omnia
673 1077 813 1113 domita
845 1077 952 1116 armis
984 1086 1166 1127 paterent,

88 1143 188 1180 domi
207 1142 324 1179 otium
343 1150 452 1192 atque
473 1141 632 1184 divitiae,
661 1154 752 1190 quae
772 1141 887 1190 prima
907 1141 1079 1178 mortales
1097 1155 1167 1191 pu-

88 1216 185 1251 tant,
204 1207 403 1245 adfluerent
422 1222 432 1252 ;
461 1205 560 1243 fuere
579 1215 700 1242 tamen
719 1205 829 1249 cives,
858 1206 920 1254 qui
945 1218 1055 1255 seque
1074 1219 1169 1242 rem-

93 1285 164 1322 que
175 1271 361 1322 publicam
375 1270 569 1308 obstinatis
583 1270 707 1309 animis
722 1269 905 1319 perditum
918 1269 1023 1306 irent.
1054 1269 1171 1307 Nam-

91 1349 175 1386 que,
205 1336 349 1373 duobus
389 1335 501 1372 senati
527 1334 694 1378 decretis,
725 1349 769 1371 ex
801 1342 904 1371 tanta
934 1334 1170 1372 multitudine

92 1413 208 1450 neque
238 1399 397 1450 praemio
416 1399 587 1436 inductus
613 1399 899 1450 conjurationem
928 1398 1170 1451 patefecerat,

91 1478 207 1514 neque
226 1477 270 1502 ex
291 1463 418 1500 castris
438 1462 617 1501 Catilinae
637 1463 826 1512 quisquam
854 1464 1014 1500 omnium
1035 1465 1172 1501 disces-

92 1537 188 1579 serat
206 1542 215 1564 :
245 1535 348 1564 tanta
367 1527 418 1563 vis
438 1527 568 1571 morbi,
598 1526 651 1563 uti
676 1527 792 1577 tabes,
820 1526 1016 1577 plerosque
1037 1528 1170 1566 civium

93 1591 232 1628 animos
250 1591 438 1629 invaserat.

151 1719 374 1757 XXXVII.
432 1719 586 1763 NEQUE
608 1717 725 1755 solum
743 1718 811 1755 illis
830 1718 944 1756 aliena
964 1732 1063 1756 mens
1082 1728 1174 1765 erat,

99 1784 163 1838 qui
183 1784 318 1821 conscii
339 1783 621 1835 conjurationis3
643 1783 704 1819 sed
719 1783 865 1820 omnino
899 1791 1033 1820 cuncta
1051 1782 1175 1833 plebes

103 1861 277 1885 novarum
306 1861 425 1884 rerum
449 1847 571 1884 studio
600 1846 777 1884 Catilinae
806 1847 951 1896 incepta
982 1848 1175 1898 probabat.

104 1912 150 1949 Id
170 1912 262 1949 adeo
283 1925 382 1948 more
415 1925 479 1948 suo
502 1911 691 1947 videbatur
710 1909 840 1948 facere.
909 1911 1005 1948 Nam
1038 1924 1177 1961 semper

101 1976 137 2017 in
168 1976 330 2020 civitate,
359 1978 443 2025 quis
475 1989 564 2025 opes
594 1974 711 2012 nullae
744 1983 841 2018 sunt,
869 1975 973 2018 bonis
1003 1975 1177 2019 invident,

104 2039 216 2078 malos
232 2038 442 2084 extollunt3
472 2048 589 2076 vetera
609 2038 731 2083 odere,
760 2051 851 2075 nova
865 2047 1042 2089 exoptant
1061 2055 1072 2084 ς
1092 2039 1177 2076 odio

106 2117 251 2141 suarum
270 2103 531 2141 rerum-mutari
551 2102 671 2139 omnia
690 2103 837 2140 student
853 2119 863 2148 ;
884 2104 991 2140 turba
1004 2113 1113 2154 atque
1127 2117 1180 2141 se-

103 2167 304 2216 ditionibus
323 2168 396 2206 sine
417 2181 502 2206 cura
522 2167 681 2212 aluntur,
711 2169 882 2217 quoniam
912 2177 1054 2219 egestas
1074 2167 1179 2206 facilc
