1451 2719
346 318 660 359 SALLUSTII
690 319 1033 360 JUGURTHA.
1150 323 1224 360 153

148 439 205 468 tra
223 429 363 468 moenia
383 431 419 467 in
438 432 596 469 hostium
630 441 825 483 potestate,
855 434 1022 484 coegere,
1051 432 1104 468 uti
1124 432 1225 469 dedi-

148 494 284 531 tionem
304 493 474 532 facerent.
519 496 691 534 Ceterum
712 497 888 547 oppidum
908 496 1090 532 incensum
1108 510 1118 532 τ
1141 496 1223 533 Nu·

148 558 264 595 midae
283 558 437 608 puberes
460 559 643 597 interfecti
661 577 671 606 3
715 561 771 597 alii
801 573 925 597 omnes
959 572 1086 596 venum
1119 559 1219 597 dati:

147 623 280 673 praeda
300 622 472 661 militibus
493 624 615 661 divisa.
689 626 734 662 Id
754 624 891 662 facinus
911 632 1037 661 contra
1057 627 1116 675 jus
1136 624 1220 661 belli

147 700 219 723 non
239 688 398 731 avaritia,
419 702 532 737 neque
553 688 683 726 scelere
702 688 872 732 consulis,
891 688 1112 734 admissum;
1142 689 1218 732 sed,

147 752 232 801 quia
251 752 352 790 locus
372 754 578 804 Jugurthae
598 763 841 804 opportunus,
871 753 974 790 nobis
993 753 1094 789 aditu
1123 752 1218 790 diffi-

146 815 238 860 cilis,
266 830 380 868 genus
400 817 583 854 bominum
610 817 754 861 mobile,
783 817 947 861 infidum,
976 826 1092 867 neque
1111 816 1221 853 bene-

148 881 232 918 ficio
252 896 368 931 neque
387 889 485 919 metu
505 882 718 920 co'e'rcitum.

210 1009 361 1048 ”XCIL
421 1011 660 1054 POSTQUAM
697 1018 833 1047 tantam
867 1023 941 1046 rem
972 1008 1113 1047 Marius
1146 1010 1220 1047 sine

148 1072 221 1109 ullo
241 1086 387 1110 suorum
408 1073 639 1110 incommodo
659 1076 828 1123 patravit,
857 1087 1010 1124 magnus
1037 1084 1075 1110 et
1103 1073 1221 1111 clarus

148 1145 266 1180 antea,
294 1139 408 1188 major
425 1146 462 1174 et
482 1137 613 1174 clarior
631 1138 753 1174 haberi
778 1137 912 1186 coepit.
984 1137 1118 1175 Omnia
1151 1152 1222 1174 non

147 1200 239 1237 bene
258 1200 424 1237 consulta
444 1201 478 1236 in
498 1201 670 1238 virtutem
689 1201 926 1237 trahebantur
943 1216 952 1238 :
983 1201 1126 1245 milites,
1146 1215 1224 1238 mo-

147 1264 252 1301 desto
271 1264 421 1314 imperio
437 1264 552 1301 habiti
572 1263 690 1309 simul,
719 1274 756 1302 et
770 1265 985 1314 locupletes,
1015 1266 1060 1301 ad
1079 1266 1222 1303 coelum

146 1327 257 1365 ferre:
292 1328 472 1365 Numidae
488 1329 615 1380 magis,
635 1343 744 1378 quam
760 1328 960 1372 mortalem,
974 1330 1117 1367 timere:
1140 1344 1224 1379 pos-

146 1401 263 1429 tremo
283 1405 406 1429 omnes
421 1392 508 1429 socii
523 1402 633 1443 atque
648 1393 772 1430 hostes
790 1393 948 1436 credere,
967 1392 1018 1429 illi
1037 1400 1101 1430 aut
1125 1407 1224 1430 men-

148 1464 222 1494 tem
242 1457 409 1500 divinam‚
430 1466 492 1494 aut
508 1458 658 1494 deorum
674 1465 766 1494 nutu
782 1466 914 1494 cuncta
934 1458 1115 1506 portendi.
1148 1458 1222 1495 Sed

147 1520 287 1564 consul,
308 1521 369 1557 ubi
383 1534 423 1557 ea
443 1535 497 1558 res
516 1522 607 1558 bene
621 1521 754 1564 evenit,
773 1521 819 1557 ad
833 1520 901 1557 alia
913 1521 1049 1571 oppida
1068 1522 1192 1573 pergit
1209 1537 1219 1560 ε

147 1597 279 1634 pauca,
299 1585 586 1636 repugnantibus
607 1585 790 1628 Numidis,
809 1585 907 1635 capit
926 1601 936 1630 ς
964 1585 1081 1635 plura,
1102 1586 1223 1623 deser-

147 1657 186 1686 ta
218 1658 370 1699 propter
406 1649 642 1699 Capsensium
674 1650 844 1694 miserias,
879 1650 956 1702 igni
988 1652 1189 1700 corrumpit
1208 1666 1218 1689 ι

146 1711 251 1749 luctu
283 1721 394 1763 atque
425 1713 533 1750 caede
566 1712 685 1750 omnia
718 1713 958 1763 complentur.
1032 1715 1220 1765 Denique,

148 1777 271 1815 multis
288 1777 378 1814 locis
398 1778 552 1828 potitus,
572 1791 612 1814 ac
633 1777 812 1828 plerisque
832 1779 993 1815 exercitu
1013 1779 1217 1825 incruento,

147 1843 194 1880 ad
212 1842 317 1880 aliam
336 1857 409 1880 rem
428 1843 653 1894 adgreditur,
683 1856 752 1878 non
773 1842 896 1879 eadem
916 1843 1122 1893 asperitate,
1147 1858 1222 1895 qua

148 1907 400 1957 Capsensium,
428 1916 587 1944 ceterum
606 1907 705 1944 haud
733 1921 834 1945 secus
853 1907 1048 1946 difficilem.
1106 1910 1221 1947 Nam-

148 1985 219 2022 que
237 1971 334 2008 haud
353 1971 462 2023 longe
481 1985 501 2007 a
521 1971 664 2008 flumine
680 1959 874 2016 Mulucha,
895 1973 995 2022 quod
1013 1974 1221 2025 Jugurthae

151 2034 364 2085 Bocchique
383 2049 535 2087 regnum
554 2035 799 2086 disjungebat,
827 2043 904 2072 erat
936 2036 1030 2074 inter
1061 2047 1218 2076 ceteram

149 2098 333 2149 planitiem
352 2113 454 2136 mons
482 2113 622 2142 saxeus,
651 2099 823 2136 mediocri
856 2099 1005 2137 castello
1039 2102 1123 2139 satis
1156 2115 1221 2153 pa-

148 2172 242 2207 tens,
269 2162 302 2199 in
323 2162 534 2200 immensum
553 2163 685 2207 edum,
716 2177 786 2200 uno
806 2174 1030 2214 perangusto
1048 2167 1149 2203 aditu
1167 2180 1223 2204 re-

660 2227 698 2263 U
