<?xml version="1.0" encoding="UTF-8"?>
<!DOCTYPE html PUBLIC "-//W3C//DTD XHTML 1.0 Transitional//EN"
    "http://www.w3.org/TR/xhtml1/DTD/xhtml1-transitional.dtd">
<html xmlns="http://www.w3.org/1999/xhtml" xml:lang="en" lang="en">
 <head>
  <title>
</title>
<meta http-equiv="Content-Type" content="text/html;charset=utf-8" />
  <meta name='ocr-system' content='tesseract 3.04.00' />
  <meta name='ocr-capabilities' content='ocr_page ocr_carea ocr_par ocr_line ocrx_word'/>
</head>
<body>
  <div class='ocr_page' id='page_1' title='image "./quaesupersuntope00salluoft_0053.png"; bbox 0 0 1451 2719; ppageno 0'>
   <div class='ocr_carea' id='block_1_1' title="bbox 372 294 1235 337">
    <p class='ocr_par' dir='ltr' id='par_1_1' title="bbox 372 294 1235 337">
     <span class='ocr_line' id='line_1_1' title="bbox 372 294 1235 337; baseline 0.007 -6"><span class='ocrx_word' id='word_1_1' title='bbox 372 294 686 333; x_wconf 91' lang='lat' dir='ltr'>SALLUSTII</span> <span class='ocrx_word' id='word_1_2' title='bbox 717 296 1024 335; x_wconf 87' lang='lat' dir='ltr'><strong>CATILINA.</strong></span> <span class='ocrx_word' id='word_1_3' title='bbox 1187 301 1235 337; x_wconf 82' lang='lat'>41</span> 
     </span>
    </p>
   </div>
   <div class='ocr_carea' id='block_1_2' title="bbox 158 405 1234 586">
    <p class='ocr_par' dir='ltr' id='par_1_2' title="bbox 158 405 1234 586">
     <span class='ocr_line' id='line_1_2' title="bbox 159 405 1234 456; baseline 0.004 -14"><span class='ocrx_word' id='word_1_4' title='bbox 159 419 210 450; x_wconf 82' lang='lat' dir='ltr'>re,</span> <span class='ocrx_word' id='word_1_5' title='bbox 241 405 426 456; x_wconf 82' lang='lat' dir='ltr'>praesidiis</span> <span class='ocrx_word' id='word_1_6' title='bbox 457 406 604 451; x_wconf 87' lang='lat' dir='ltr'>additis,</span> <span class='ocrx_word' id='word_1_7' title='bbox 635 407 864 445; x_wconf 78' lang='lat' dir='ltr'>referundum</span> <span class='ocrx_word' id='word_1_8' title='bbox 896 416 1100 446; x_wconf 80' lang='lat' dir='ltr'>censuerat.</span> <span class='ocrx_word' id='word_1_9' title='bbox 1160 409 1234 446; x_wconf 91' lang='lat' dir='ltr'>Sed</span> 
     </span>
     <span class='ocr_line' id='line_1_3' title="bbox 160 470 1233 524; baseline 0.004 -17"><span class='ocrx_word' id='word_1_10' title='bbox 160 470 307 514; x_wconf 77' lang='lat' dir='ltr'>Caesar,</span> <span class='ocrx_word' id='word_1_11' title='bbox 337 470 400 506; x_wconf 88' lang='lat' dir='ltr'>ubi</span> <span class='ocrx_word' id='word_1_12' title='bbox 428 470 473 506; x_wconf 86' lang='lat' dir='ltr'>ad</span> <span class='ocrx_word' id='word_1_13' title='bbox 501 485 583 508; x_wconf 87' lang='lat' dir='ltr'>eum</span> <span class='ocrx_word' id='word_1_14' title='bbox 612 481 772 517; x_wconf 82' lang='lat' dir='ltr'>ventum,</span> <span class='ocrx_word' id='word_1_15' title='bbox 801 483 951 524; x_wconf 87' lang='lat' dir='ltr'>rogatus</span> <span class='ocrx_word' id='word_1_16' title='bbox 976 473 1189 510; x_wconf 88' lang='lat' dir='ltr'>sententiam</span> <span class='ocrx_word' id='word_1_17' title='bbox 1212 487 1233 510; x_wconf 81' lang='lat' dir='ltr'>a</span> 
     </span>
     <span class='ocr_line' id='line_1_4' title="bbox 158 533 1006 586; baseline 0.005 -16"><span class='ocrx_word' id='word_1_18' title='bbox 158 533 320 578; x_wconf 88' lang='lat' dir='ltr'>consule,</span> <span class='ocrx_word' id='word_1_19' title='bbox 349 533 597 586; x_wconf 85' lang='lat' dir='ltr'>hujuscemodi</span> <span class='ocrx_word' id='word_1_20' title='bbox 618 537 726 574; x_wconf 70' lang='lat' dir='ltr'>verba</span> <span class='ocrx_word' id='word_1_21' title='bbox 753 537 898 574; x_wconf 86' lang='lat' dir='ltr'>locutus</span> <span class='ocrx_word' id='word_1_22' title='bbox 923 545 1006 574; x_wconf 88' lang='lat' dir='ltr'>est:</span> 
     </span>
    </p>
   </div>
   <div class='ocr_carea' id='block_1_3' title="bbox 119 663 1246 2194">
    <p class='ocr_par' dir='ltr' id='par_1_3' title="bbox 119 663 1246 2194">
     <span class='ocr_line' id='line_1_5' title="bbox 212 663 1228 716; baseline 0.003 -16"><span class='ocrx_word' id='word_1_23' title='bbox 212 663 287 701; x_wconf 91' lang='lat' dir='ltr'>LI.</span> <span class='ocrx_word' id='word_1_24' title='bbox 318 671 343 689; x_wconf 87' lang='lat'><strong><em>“</em></strong></span> <span class='ocrx_word' id='word_1_25' title='bbox 360 665 504 702; x_wconf 71' lang='lat' dir='ltr'>Omms</span> <span class='ocrx_word' id='word_1_26' title='bbox 528 666 704 709; x_wconf 89' lang='lat' dir='ltr'>homines,</span> <span class='ocrx_word' id='word_1_27' title='bbox 721 667 849 703; x_wconf 83' lang='lat' dir='ltr'>Patres</span> <span class='ocrx_word' id='word_1_28' title='bbox 868 665 1081 715; x_wconf 88' lang='lat' dir='ltr'>conscripti,</span> <span class='ocrx_word' id='word_1_29' title='bbox 1102 666 1163 716; x_wconf 88' lang='lat' dir='ltr'>qui</span> <span class='ocrx_word' id='word_1_30' title='bbox 1183 666 1228 703; x_wconf 90' lang='lat' dir='ltr'>de</span> 
     </span>
     <span class='ocr_line' id='line_1_6' title="bbox 159 728 1229 781; baseline 0.001 -16"><span class='ocrx_word' id='word_1_31' title='bbox 159 728 265 765; x_wconf 87' lang='lat' dir='ltr'>rebus</span> <span class='ocrx_word' id='word_1_32' title='bbox 283 728 403 766; x_wconf 87' lang='lat' dir='ltr'>dubiis</span> <span class='ocrx_word' id='word_1_33' title='bbox 423 729 644 774; x_wconf 83' lang='lat' dir='ltr'><strong>consultant,</strong></span> <span class='ocrx_word' id='word_1_34' title='bbox 664 730 709 766; x_wconf 88' lang='lat' dir='ltr'>ab</span> <span class='ocrx_word' id='word_1_35' title='bbox 729 731 829 774; x_wconf 89' lang='lat' dir='ltr'>odio,</span> <span class='ocrx_word' id='word_1_36' title='bbox 854 730 1024 774; x_wconf 86' lang='lat' dir='ltr'>amicitia,</span> <span class='ocrx_word' id='word_1_37' title='bbox 1049 729 1100 766; x_wconf 85' lang='lat' dir='ltr'>ira</span> <span class='ocrx_word' id='word_1_38' title='bbox 1119 739 1229 781; x_wconf 87' lang='lat' dir='ltr'>atque</span> 
     </span>
     <span class='ocr_line' id='line_1_7' title="bbox 161 791 1236 837; baseline 0.003 -10"><span class='ocrx_word' id='word_1_39' title='bbox 161 791 416 837; x_wconf 80' lang='lat' dir='ltr'>misericordia,</span> <span class='ocrx_word' id='word_1_40' title='bbox 445 807 576 830; x_wconf 82' lang='lat' dir='ltr'>vacuos</span> <span class='ocrx_word' id='word_1_41' title='bbox 603 808 679 831; x_wconf 82' lang='lat' dir='ltr'>esse</span> <span class='ocrx_word' id='word_1_42' title='bbox 706 795 824 832; x_wconf 81' lang='lat' dir='ltr'>decet.</span> <span class='ocrx_word' id='word_1_43' title='bbox 883 793 1000 831; x_wconf 90' lang='lat' dir='ltr'>Haud</span> <span class='ocrx_word' id='word_1_44' title='bbox 1028 793 1133 831; x_wconf 87' lang='lat' dir='ltr'>facile</span> <span class='ocrx_word' id='word_1_45' title='bbox 1161 794 1236 830; x_wconf 84' lang='lat' dir='ltr'>ani-</span> 
     </span>
     <span class='ocr_line' id='line_1_8' title="bbox 159 858 1234 909; baseline 0.002 -16"><span class='ocrx_word' id='word_1_46' title='bbox 159 869 237 894; x_wconf 89' lang='lat' dir='ltr'>mus</span> <span class='ocrx_word' id='word_1_47' title='bbox 256 871 377 894; x_wconf 86' lang='lat' dir='ltr'>verum</span> <span class='ocrx_word' id='word_1_48' title='bbox 397 859 578 908; x_wconf 87' lang='lat' dir='ltr'>providet,</span> <span class='ocrx_word' id='word_1_49' title='bbox 605 859 666 896; x_wconf 92' lang='lat' dir='ltr'>ubi</span> <span class='ocrx_word' id='word_1_50' title='bbox 685 858 744 896; x_wconf 85' lang='lat' dir='ltr'>illa</span> <span class='ocrx_word' id='word_1_51' title='bbox 763 859 941 896; x_wconf 70' lang='lat' dir='ltr'>obiiciunt</span> <span class='ocrx_word' id='word_1_52' title='bbox 960 874 970 903; x_wconf 93' lang='lat'>;</span> <span class='ocrx_word' id='word_1_53' title='bbox 1000 872 1116 909; x_wconf 89' lang='lat' dir='ltr'>neque</span> <span class='ocrx_word' id='word_1_54' title='bbox 1137 859 1234 909; x_wconf 84' lang='lat' dir='ltr'>quis·-</span> 
     </span>
     <span class='ocr_line' id='line_1_9' title="bbox 158 922 1233 973; baseline 0.001 -15"><span class='ocrx_word' id='word_1_55' title='bbox 158 933 270 972; x_wconf 74' lang='lat' dir='ltr'>quam</span> <span class='ocrx_word' id='word_1_56' title='bbox 289 922 449 959; x_wconf 89' lang='lat' dir='ltr'>omnium</span> <span class='ocrx_word' id='word_1_57' title='bbox 470 922 621 959; x_wconf 87' lang='lat' dir='ltr'>lubidini</span> <span class='ocrx_word' id='word_1_58' title='bbox 641 923 746 960; x_wconf 83' lang='lat' dir='ltr'>simul</span> <span class='ocrx_word' id='word_1_59' title='bbox 765 933 801 961; x_wconf 88' lang='lat' dir='ltr'>et</span> <span class='ocrx_word' id='word_1_60' title='bbox 822 924 900 960; x_wconf 87' lang='lat' dir='ltr'>usui</span> <span class='ocrx_word' id='word_1_61' title='bbox 916 924 1048 973; x_wconf 88' lang='lat' dir='ltr'>paruit.</span> <span class='ocrx_word' id='word_1_62' title='bbox 1080 923 1160 961; x_wconf 93' lang='lat' dir='ltr'>Ubi</span> <span class='ocrx_word' id='word_1_63' title='bbox 1180 923 1233 959; x_wconf 92' lang='lat' dir='ltr'>in-</span> 
     </span>
     <span class='ocr_line' id='line_1_10' title="bbox 160 986 1236 1037; baseline 0.002 -16"><span class='ocrx_word' id='word_1_64' title='bbox 160 986 318 1022; x_wconf 85' lang='lat' dir='ltr'>tenderis</span> <span class='ocrx_word' id='word_1_65' title='bbox 337 986 538 1037; x_wconf 84' lang='lat' dir='ltr'>ingenium,</span> <span class='ocrx_word' id='word_1_66' title='bbox 559 986 652 1024; x_wconf 83' lang='lat' dir='ltr'>valet</span> <span class='ocrx_word' id='word_1_67' title='bbox 671 1003 679 1025; x_wconf 91' lang='lat'>:</span> <span class='ocrx_word' id='word_1_68' title='bbox 711 988 738 1023; x_wconf 89' lang='lat' dir='ltr'>si</span> <span class='ocrx_word' id='word_1_69' title='bbox 760 987 886 1024; x_wconf 91' lang='lat' dir='ltr'>lubido</span> <span class='ocrx_word' id='word_1_70' title='bbox 914 986 1089 1036; x_wconf 83' lang='lat' dir='ltr'>possidet,</span> <span class='ocrx_word' id='word_1_71' title='bbox 1109 1000 1150 1023; x_wconf 89' lang='lat' dir='ltr'>ea</span> <span class='ocrx_word' id='word_1_72' title='bbox 1169 986 1236 1023; x_wconf 91' lang='lat' dir='ltr'>do-</span> 
     </span>
     <span class='ocr_line' id='line_1_11' title="bbox 159 1049 1232 1101; baseline 0.001 -16"><span class='ocrx_word' id='word_1_73' title='bbox 159 1049 328 1092; x_wconf 85' lang='lat' dir='ltr'>minatur,</span> <span class='ocrx_word' id='word_1_74' title='bbox 362 1049 500 1086; x_wconf 89' lang='lat' dir='ltr'>animus</span> <span class='ocrx_word' id='word_1_75' title='bbox 533 1050 621 1086; x_wconf 88' lang='lat' dir='ltr'>nihil</span> <span class='ocrx_word' id='word_1_76' title='bbox 652 1050 759 1087; x_wconf 89' lang='lat' dir='ltr'>valet.</span> <span class='ocrx_word' id='word_1_77' title='bbox 830 1049 971 1101; x_wconf 83' lang='lat' dir='ltr'>Magna</span> <span class='ocrx_word' id='word_1_78' title='bbox 1004 1050 1092 1086; x_wconf 85' lang='lat' dir='ltr'>mihi</span> <span class='ocrx_word' id='word_1_79' title='bbox 1125 1050 1232 1100; x_wconf 88' lang='lat' dir='ltr'>copia</span> 
     </span>
     <span class='ocr_line' id='line_1_12' title="bbox 159 1113 1232 1165; baseline 0.001 -16"><span class='ocrx_word' id='word_1_80' title='bbox 159 1113 394 1156; x_wconf 86' lang='lat' dir='ltr'>memorandi,</span> <span class='ocrx_word' id='word_1_81' title='bbox 428 1114 472 1150; x_wconf 90' lang='lat' dir='ltr'>P.</span> <span class='ocrx_word' id='word_1_82' title='bbox 499 1114 546 1151; x_wconf 86' lang='lat' dir='ltr'>C.</span> <span class='ocrx_word' id='word_1_83' title='bbox 575 1114 636 1164; x_wconf 85' lang='lat' dir='ltr'>qui</span> <span class='ocrx_word' id='word_1_84' title='bbox 669 1128 773 1165; x_wconf 84' lang='lat' dir='ltr'>reges</span> <span class='ocrx_word' id='word_1_85' title='bbox 805 1123 915 1164; x_wconf 87' lang='lat' dir='ltr'>atque</span> <span class='ocrx_word' id='word_1_86' title='bbox 934 1113 1075 1163; x_wconf 87' lang='lat' dir='ltr'>populi,</span> <span class='ocrx_word' id='word_1_87' title='bbox 1101 1114 1150 1150; x_wconf 83' lang='lat' dir='ltr'>ira</span> <span class='ocrx_word' id='word_1_88' title='bbox 1169 1123 1232 1150; x_wconf 85' lang='lat' dir='ltr'>aut</span> 
     </span>
     <span class='ocr_line' id='line_1_13' title="bbox 159 1176 1232 1227; baseline 0.001 -14"><span class='ocrx_word' id='word_1_89' title='bbox 159 1177 401 1214; x_wconf 72' lang='lat' dir='ltr'>misericordia</span> <span class='ocrx_word' id='word_1_90' title='bbox 416 1176 574 1227; x_wconf 86' lang='lat' dir='ltr'>impulsi,</span> <span class='ocrx_word' id='word_1_91' title='bbox 595 1177 686 1214; x_wconf 88' lang='lat' dir='ltr'>male</span> <span class='ocrx_word' id='word_1_92' title='bbox 701 1177 946 1215; x_wconf 80' lang='lat' dir='ltr'>consuluerint</span> <span class='ocrx_word' id='word_1_93' title='bbox 962 1193 971 1215; x_wconf 72' lang='grc' dir='ltr'><strong><em>ε</em></strong></span> <span class='ocrx_word' id='word_1_94' title='bbox 1008 1178 1070 1215; x_wconf 90' lang='lat' dir='ltr'>sed</span> <span class='ocrx_word' id='word_1_95' title='bbox 1081 1191 1122 1215; x_wconf 89' lang='lat' dir='ltr'>ea</span> <span class='ocrx_word' id='word_1_96' title='bbox 1138 1177 1232 1215; x_wconf 88' lang='lat' dir='ltr'>malo</span> 
     </span>
     <span class='ocr_line' id='line_1_14' title="bbox 159 1240 1234 1292; baseline -0.001 -14"><span class='ocrx_word' id='word_1_97' title='bbox 159 1241 292 1285; x_wconf 77' lang='lat' dir='ltr'>dicere,</span> <span class='ocrx_word' id='word_1_98' title='bbox 313 1254 404 1292; x_wconf 87' lang='lat' dir='ltr'>quae</span> <span class='ocrx_word' id='word_1_99' title='bbox 424 1243 574 1292; x_wconf 82' lang='lat' dir='ltr'>majores</span> <span class='ocrx_word' id='word_1_100' title='bbox 595 1241 722 1285; x_wconf 82' lang='lat' dir='ltr'>nostri,</span> <span class='ocrx_word' id='word_1_101' title='bbox 747 1250 875 1278; x_wconf 86' lang='lat' dir='ltr'>contra</span> <span class='ocrx_word' id='word_1_102' title='bbox 895 1240 1092 1278; x_wconf 83' lang='lat' dir='ltr'>lubidinem</span> <span class='ocrx_word' id='word_1_103' title='bbox 1112 1241 1234 1285; x_wconf 85' lang='lat' dir='ltr'>animi,</span> 
     </span>
     <span class='ocr_line' id='line_1_15' title="bbox 159 1303 1233 1356; baseline 0.001 -16"><span class='ocrx_word' id='word_1_104' title='bbox 159 1313 257 1342; x_wconf 87' lang='lat' dir='ltr'>recte</span> <span class='ocrx_word' id='word_1_105' title='bbox 275 1314 384 1356; x_wconf 85' lang='lat' dir='ltr'>atque</span> <span class='ocrx_word' id='word_1_106' title='bbox 400 1305 524 1341; x_wconf 85' lang='lat' dir='ltr'>ordine</span> <span class='ocrx_word' id='word_1_107' title='bbox 544 1303 674 1342; x_wconf 88' lang='lat' dir='ltr'>fecere.</span> <span class='ocrx_word' id='word_1_108' title='bbox 725 1305 830 1342; x_wconf 87' lang='lat' dir='ltr'>Bello</span> <span class='ocrx_word' id='word_1_109' title='bbox 852 1304 1111 1349; x_wconf 83' lang='lat' dir='ltr'>Macedonico,</span> <span class='ocrx_word' id='word_1_110' title='bbox 1134 1306 1233 1356; x_wconf 86' lang='lat' dir='ltr'>quod</span> 
     </span>
     <span class='ocr_line' id='line_1_16' title="bbox 119 1369 1231 1420; baseline -0.002 -13"><span class='ocrx_word' id='word_1_111' title='bbox 119 1405 121 1407; x_wconf 90' lang='lat'>.</span> <span class='ocrx_word' id='word_1_112' title='bbox 158 1381 242 1405; x_wconf 89' lang='lat' dir='ltr'>cum</span> <span class='ocrx_word' id='word_1_113' title='bbox 256 1382 341 1420; x_wconf 87' lang='lat' dir='ltr'>rege</span> <span class='ocrx_word' id='word_1_114' title='bbox 363 1369 471 1406; x_wconf 87' lang='lat' dir='ltr'>Perse</span> <span class='ocrx_word' id='word_1_115' title='bbox 485 1369 674 1420; x_wconf 80' lang='lat' dir='ltr'>gessimuS,</span> <span class='ocrx_word' id='word_1_116' title='bbox 707 1369 938 1406; x_wconf 90' lang='lat' dir='ltr'>Rhodiorum</span> <span class='ocrx_word' id='word_1_117' title='bbox 954 1370 1080 1406; x_wconf 84' lang='lat' dir='ltr'>civitas</span> <span class='ocrx_word' id='word_1_118' title='bbox 1100 1383 1231 1420; x_wconf 82' lang='lat' dir='ltr'>magna</span> 
     </span>
     <span class='ocr_line' id='line_1_17' title="bbox 157 1432 1234 1484; baseline 0.001 -14"><span class='ocrx_word' id='word_1_119' title='bbox 157 1441 268 1484; x_wconf 85' lang='lat' dir='ltr'>atque</span> <span class='ocrx_word' id='word_1_120' title='bbox 287 1432 493 1483; x_wconf 84' lang='lat' dir='ltr'>magnifica,</span> <span class='ocrx_word' id='word_1_121' title='bbox 522 1446 614 1484; x_wconf 89' lang='lat' dir='ltr'>quae</span> <span class='ocrx_word' id='word_1_122' title='bbox 633 1433 760 1483; x_wconf 90' lang='lat' dir='ltr'>populi</span> <span class='ocrx_word' id='word_1_123' title='bbox 788 1434 944 1470; x_wconf 86' lang='lat' dir='ltr'>Romani</span> <span class='ocrx_word' id='word_1_124' title='bbox 964 1434 1095 1484; x_wconf 88' lang='lat' dir='ltr'>opibus</span> <span class='ocrx_word' id='word_1_125' title='bbox 1114 1447 1234 1471; x_wconf 81' lang='lat' dir='ltr'>creve-</span> 
     </span>
     <span class='ocr_line' id='line_1_18' title="bbox 158 1496 1233 1549; baseline 0.001 -16"><span class='ocrx_word' id='word_1_126' title='bbox 158 1505 228 1540; x_wconf 77' lang='lat' dir='ltr'>rat,</span> <span class='ocrx_word' id='word_1_127' title='bbox 246 1496 358 1533; x_wconf 85' lang='lat' dir='ltr'>infida</span> <span class='ocrx_word' id='word_1_128' title='bbox 376 1505 487 1547; x_wconf 85' lang='lat' dir='ltr'>atque</span> <span class='ocrx_word' id='word_1_129' title='bbox 506 1497 655 1533; x_wconf 87' lang='lat' dir='ltr'>advorsa</span> <span class='ocrx_word' id='word_1_130' title='bbox 676 1498 781 1534; x_wconf 85' lang='lat' dir='ltr'>nobis</span> <span class='ocrx_word' id='word_1_131' title='bbox 800 1497 870 1534; x_wconf 86' lang='lat' dir='ltr'>fuit</span> <span class='ocrx_word' id='word_1_132' title='bbox 886 1513 895 1535; x_wconf 91' lang='lat'><strong>:</strong></span> <span class='ocrx_word' id='word_1_133' title='bbox 927 1498 1002 1540; x_wconf 89' lang='lat' dir='ltr'>sed,</span> <span class='ocrx_word' id='word_1_134' title='bbox 1023 1506 1233 1549; x_wconf 85' lang='lat' dir='ltr'>postquam,</span> 
     </span>
     <span class='ocr_line' id='line_1_19' title="bbox 158 1561 1232 1615; baseline 0.001 -16"><span class='ocrx_word' id='word_1_135' title='bbox 158 1561 254 1599; x_wconf 90' lang='lat' dir='ltr'>bello</span> <span class='ocrx_word' id='word_1_136' title='bbox 282 1561 468 1606; x_wconf 86' lang='lat' dir='ltr'>confecto,</span> <span class='ocrx_word' id='word_1_137' title='bbox 497 1563 542 1599; x_wconf 86' lang='lat' dir='ltr'>de</span> <span class='ocrx_word' id='word_1_138' title='bbox 574 1563 729 1600; x_wconf 84' lang='lat' dir='ltr'>Rhodiis</span> <span class='ocrx_word' id='word_1_139' title='bbox 757 1562 964 1600; x_wconf 84' lang='lat' dir='ltr'>consultum</span> <span class='ocrx_word' id='word_1_140' title='bbox 984 1573 1052 1607; x_wconf 87' lang='lat' dir='ltr'>est,</span> <span class='ocrx_word' id='word_1_141' title='bbox 1081 1565 1232 1615; x_wconf 85' lang='lat' dir='ltr'>majores</span> 
     </span>
     <span class='ocr_line' id='line_1_20' title="bbox 158 1626 1234 1678; baseline 0.001 -15"><span class='ocrx_word' id='word_1_142' title='bbox 158 1626 285 1670; x_wconf 85' lang='lat' dir='ltr'>nostri,</span> <span class='ocrx_word' id='word_1_143' title='bbox 298 1640 341 1664; x_wconf 90' lang='lat' dir='ltr'>ne</span> <span class='ocrx_word' id='word_1_144' title='bbox 357 1626 436 1677; x_wconf 89' lang='lat' dir='ltr'>quis</span> <span class='ocrx_word' id='word_1_145' title='bbox 451 1626 654 1664; x_wconf 85' lang='lat' dir='ltr'>divitiarum</span> <span class='ocrx_word' id='word_1_146' title='bbox 670 1627 798 1678; x_wconf 88' lang='lat' dir='ltr'>magis,</span> <span class='ocrx_word' id='word_1_147' title='bbox 815 1641 922 1678; x_wconf 80' lang='lat' dir='ltr'>quam</span> <span class='ocrx_word' id='word_1_148' title='bbox 937 1627 1096 1678; x_wconf 83' lang='lat' dir='ltr'>injuriae,</span> <span class='ocrx_word' id='word_1_149' title='bbox 1109 1641 1234 1664; x_wconf 79' lang='lat' dir='ltr'>caussa</span> 
     </span>
     <span class='ocr_line' id='line_1_21' title="bbox 158 1690 1235 1741; baseline 0 -13"><span class='ocrx_word' id='word_1_150' title='bbox 158 1690 293 1728; x_wconf 88' lang='lat' dir='ltr'>bellum</span> <span class='ocrx_word' id='word_1_151' title='bbox 311 1690 498 1740; x_wconf 86' lang='lat' dir='ltr'>inceptum</span> <span class='ocrx_word' id='word_1_152' title='bbox 517 1691 666 1734; x_wconf 87' lang='lat' dir='ltr'>diceret,</span> <span class='ocrx_word' id='word_1_153' title='bbox 685 1691 884 1741; x_wconf 90' lang='lat' dir='ltr'>impunitos</span> <span class='ocrx_word' id='word_1_154' title='bbox 903 1690 1079 1728; x_wconf 85' lang='lat' dir='ltr'>dimisere.</span> <span class='ocrx_word' id='word_1_155' title='bbox 1138 1691 1235 1728; x_wconf 83' lang='lat' dir='ltr'>Item</span> 
     </span>
     <span class='ocr_line' id='line_1_22' title="bbox 157 1755 1236 1806; baseline 0 -14"><span class='ocrx_word' id='word_1_156' title='bbox 157 1755 261 1792; x_wconf 90' lang='lat' dir='ltr'>bellis</span> <span class='ocrx_word' id='word_1_157' title='bbox 289 1755 435 1793; x_wconf 90' lang='lat' dir='ltr'>Punicis</span> <span class='ocrx_word' id='word_1_158' title='bbox 466 1756 646 1799; x_wconf 87' lang='lat' dir='ltr'>omnibus,</span> <span class='ocrx_word' id='word_1_159' title='bbox 675 1769 758 1792; x_wconf 89' lang='lat' dir='ltr'>cum</span> <span class='ocrx_word' id='word_1_160' title='bbox 783 1769 888 1805; x_wconf 86' lang='lat' dir='ltr'>saepe</span> <span class='ocrx_word' id='word_1_161' title='bbox 916 1755 1236 1806; x_wconf 82' lang='lat' dir='ltr'>Carthaginienses</span> 
     </span>
     <span class='ocr_line' id='line_1_23' title="bbox 158 1819 1236 1871; baseline -0.002 -13"><span class='ocrx_word' id='word_1_162' title='bbox 158 1830 196 1858; x_wconf 91' lang='lat' dir='ltr'>et</span> <span class='ocrx_word' id='word_1_163' title='bbox 222 1822 258 1858; x_wconf 90' lang='lat' dir='ltr'>in</span> <span class='ocrx_word' id='word_1_164' title='bbox 287 1835 389 1871; x_wconf 89' lang='lat' dir='ltr'>pace,</span> <span class='ocrx_word' id='word_1_165' title='bbox 417 1829 456 1858; x_wconf 86' lang='lat' dir='ltr'>et</span> <span class='ocrx_word' id='word_1_166' title='bbox 483 1835 549 1871; x_wconf 86' lang='lat' dir='ltr'>per</span> <span class='ocrx_word' id='word_1_167' title='bbox 566 1820 741 1865; x_wconf 85' lang='lat' dir='ltr'>inducias,</span> <span class='ocrx_word' id='word_1_168' title='bbox 770 1820 885 1857; x_wconf 88' lang='lat' dir='ltr'>multa</span> <span class='ocrx_word' id='word_1_169' title='bbox 913 1819 1047 1856; x_wconf 77' lang='lat' dir='ltr'>nefaria</span> <span class='ocrx_word' id='word_1_170' title='bbox 1075 1819 1236 1857; x_wconf 82' lang='lat' dir='ltr'>facinora</span> 
     </span>
     <span class='ocr_line' id='line_1_24' title="bbox 158 1883 1232 1937; baseline -0.003 -14"><span class='ocrx_word' id='word_1_171' title='bbox 158 1884 342 1930; x_wconf 87' lang='lat' dir='ltr'>fecissent,</span> <span class='ocrx_word' id='word_1_172' title='bbox 361 1899 558 1937; x_wconf 83' lang='lat' dir='ltr'>numquam</span> <span class='ocrx_word' id='word_1_173' title='bbox 577 1885 644 1935; x_wconf 88' lang='lat' dir='ltr'>ipsi</span> <span class='ocrx_word' id='word_1_174' title='bbox 664 1899 730 1934; x_wconf 85' lang='lat' dir='ltr'>per</span> <span class='ocrx_word' id='word_1_175' title='bbox 743 1885 970 1922; x_wconf 87' lang='lat' dir='ltr'>occasionem</span> <span class='ocrx_word' id='word_1_176' title='bbox 986 1883 1072 1922; x_wconf 85' lang='lat' dir='ltr'>talia</span> <span class='ocrx_word' id='word_1_177' title='bbox 1086 1883 1204 1921; x_wconf 87' lang='lat' dir='ltr'>fecere</span> <span class='ocrx_word' id='word_1_178' title='bbox 1223 1899 1232 1921; x_wconf 87' lang='lat'>:</span> 
     </span>
     <span class='ocr_line' id='line_1_25' title="bbox 159 1948 1237 2001; baseline -0.001 -15"><span class='ocrx_word' id='word_1_179' title='bbox 159 1950 288 2001; x_wconf 86' lang='lat' dir='ltr'>magis,</span> <span class='ocrx_word' id='word_1_180' title='bbox 309 1950 396 2001; x_wconf 88' lang='lat' dir='ltr'>quid</span> <span class='ocrx_word' id='word_1_181' title='bbox 415 1963 451 1987; x_wconf 88' lang='lat' dir='ltr'>se</span> <span class='ocrx_word' id='word_1_182' title='bbox 471 1950 624 2001; x_wconf 86' lang='lat' dir='ltr'>dignum</span> <span class='ocrx_word' id='word_1_183' title='bbox 643 1948 752 1993; x_wconf 86' lang='lat' dir='ltr'>foret,</span> <span class='ocrx_word' id='word_1_184' title='bbox 784 1963 892 2000; x_wconf 82' lang='lat' dir='ltr'>quam</span> <span class='ocrx_word' id='word_1_185' title='bbox 913 1949 1000 2001; x_wconf 81' lang='lat' dir='ltr'>quid</span> <span class='ocrx_word' id='word_1_186' title='bbox 1018 1949 1053 1985; x_wconf 85' lang='lat' dir='ltr'>in</span> <span class='ocrx_word' id='word_1_187' title='bbox 1073 1948 1142 1986; x_wconf 86' lang='lat' dir='ltr'>illis</span> <span class='ocrx_word' id='word_1_188' title='bbox 1157 1951 1237 2001; x_wconf 85' lang='lat' dir='ltr'>jure</span> 
     </span>
     <span class='ocr_line' id='line_1_26' title="bbox 159 2013 1239 2064; baseline -0.001 -13"><span class='ocrx_word' id='word_1_189' title='bbox 159 2013 236 2051; x_wconf 85' lang='lat' dir='ltr'>fieri</span> <span class='ocrx_word' id='word_1_190' title='bbox 263 2023 400 2064; x_wconf 86' lang='lat' dir='ltr'>posset,</span> <span class='ocrx_word' id='word_1_191' title='bbox 435 2014 667 2064; x_wconf 86' lang='lat' dir='ltr'>quaerebant.</span> <span class='ocrx_word' id='word_1_192' title='bbox 726 2013 817 2050; x_wconf 92' lang='lat' dir='ltr'>Hoc</span> <span class='ocrx_word' id='word_1_193' title='bbox 846 2014 941 2051; x_wconf 89' lang='lat' dir='ltr'>idem</span> <span class='ocrx_word' id='word_1_194' title='bbox 975 2014 1239 2064; x_wconf 85' lang='lat' dir='ltr'>providendum</span> 
     </span>
     <span class='ocr_line' id='line_1_27' title="bbox 160 2077 1243 2129; baseline 0.001 -15"><span class='ocrx_word' id='word_1_195' title='bbox 160 2086 229 2121; x_wconf 81' lang='lat' dir='ltr'>est,</span> <span class='ocrx_word' id='word_1_196' title='bbox 260 2078 385 2116; x_wconf 82' lang='lat' dir='ltr'>Patres</span> <span class='ocrx_word' id='word_1_197' title='bbox 414 2077 625 2127; x_wconf 81' lang='lat' dir='ltr'>conscripti,</span> <span class='ocrx_word' id='word_1_198' title='bbox 655 2092 697 2114; x_wconf 87' lang='lat' dir='ltr'>ne</span> <span class='ocrx_word' id='word_1_199' title='bbox 730 2077 810 2128; x_wconf 89' lang='lat' dir='ltr'>plus</span> <span class='ocrx_word' id='word_1_200' title='bbox 844 2078 960 2115; x_wconf 82' lang='lat' dir='ltr'>valeat</span> <span class='ocrx_word' id='word_1_201' title='bbox 989 2079 1087 2129; x_wconf 79' lang='lat' dir='ltr'>apud</span> <span class='ocrx_word' id='word_1_202' title='bbox 1107 2093 1169 2115; x_wconf 86' lang='lat' dir='ltr'>vos</span> <span class='ocrx_word' id='word_1_203' title='bbox 1199 2078 1243 2115; x_wconf 89' lang='lat' dir='ltr'>P.</span> 
     </span>
     <span class='ocr_line' id='line_1_28' title="bbox 171 2141 1246 2194; baseline 0.001 -16"><span class='ocrx_word' id='word_1_204' title='bbox 171 2141 324 2179; x_wconf 86' lang='lat' dir='ltr'>Lentuli</span> <span class='ocrx_word' id='word_1_205' title='bbox 342 2151 380 2180; x_wconf 83' lang='lat' dir='ltr'>et</span> <span class='ocrx_word' id='word_1_206' title='bbox 408 2151 612 2180; x_wconf 87' lang='lat' dir='ltr'>ceterorum</span> <span class='ocrx_word' id='word_1_207' title='bbox 633 2141 762 2186; x_wconf 80' lang='lat' dir='ltr'>scelus,</span> <span class='ocrx_word' id='word_1_208' title='bbox 792 2156 899 2194; x_wconf 81' lang='lat' dir='ltr'>quam</span> <span class='ocrx_word' id='word_1_209' title='bbox 919 2151 1038 2180; x_wconf 73' lang='lat' dir='ltr'>vestra</span> <span class='ocrx_word' id='word_1_210' title='bbox 1057 2142 1215 2193; x_wconf 76' lang='lat' dir='ltr'>dignitas</span> <span class='ocrx_word' id='word_1_211' title='bbox 1236 2155 1246 2185; x_wconf 83' lang='lat'><em>3</em></span> 
     </span>
    </p>
   </div>
   <div class='ocr_carea' id='block_1_4' title="bbox 686 2206 717 2243">
    <p class='ocr_par' dir='ltr' id='par_1_4' title="bbox 686 2206 717 2243">
     <span class='ocr_line' id='line_1_29' title="bbox 686 2206 717 2243; baseline 0 -2"><span class='ocrx_word' id='word_1_212' title='bbox 686 2206 717 2243; x_wconf 81' lang='lat' dir='ltr'>F</span> 
     </span>
    </p>
   </div>
  </div>
 </body>
</html>
