1451 2719
316 297 630 341 SALLUSTII
658 295 998 337 JUGURTHA.
1145 301 1191 337 91

129 425 184 455 ro,
210 411 321 455 bono,
342 410 575 460 impediebat.
632 409 691 446 At
713 409 758 447 C.
782 408 990 452 Memmius,
1019 410 1121 459 cujus
1151 409 1196 446 de

97 489 100 494 ·
127 475 296 512 libertate
316 474 463 525 ingenii,
482 483 519 512 et
539 474 624 510 odio
645 474 828 524 potentiae
847 472 1059 516 nobilitatis,
1091 485 1198 522 supra

129 539 299 583 diximus,
318 538 412 575 inter
429 538 693 575 dubitationem
711 547 749 574 ct
769 550 884 573 moras
904 537 1029 580 senati,
1052 536 1200 573 concio-

128 602 233 640 nibus
253 602 428 652 populum
448 603 492 638 ad
514 602 762 638 vindicandum
783 600 920 637 hortari
937 615 946 637 :
977 613 1134 644 monere,
1155 614 1199 638 ne

127 667 402 716 rempublicam,
432 681 474 703 ne
494 666 696 703 libertatem
717 678 815 702 suam
848 665 1074 702 desererent:
1109 665 1201 702 mul-

127 739 166 768 ta
186 732 352 781 superba,
380 730 551 777 crudelia,
580 729 739 767 facinora
758 727 958 765 nobilitatis
981 729 1171 766 ostendere
1185 744 1197 767 ι

130 809 276 845 prorsus
296 795 469 838 intentus,
487 795 585 831 omni
599 795 710 831 modo
729 793 843 844 plebis
858 793 1013 830 animum
1027 794 1202 831 accende-

127 861 204 896 bat.
264 859 350 903 Sed,
371 859 539 908 quoniam
554 872 594 894 ea
613 867 829 908 tempestate
849 856 1013 896 Memmii
1032 857 1202 895 facundia

129 923 223 960 clara
243 922 453 973 pollensque
486 922 570 966 fuit,
599 923 726 960 decere
758 922 983 967 existumavi,
1016 936 1122 959 unam
1154 936 1199 960 ex

129 997 204 1024 tam
224 986 348 1023 multis
366 987 566 1024 orationem
594 988 842 1036 perscribere3
872 1001 912 1024 ac
945 988 1200 1037 potissumum,

130 1065 222 1102 quae
240 1051 275 1087 in
295 1051 470 1088 concione
490 1060 576 1101 post
595 1052 753 1088 reditum
774 1051 917 1090 Bestiae
949 1053 1200 1105 hujuscemodi

128 1115 245 1153 verbis
264 1115 430 1152 disseruit
445 1130 455 1152 ι

183 1243 343 1281 XXXI.
365 1250 391 1269 “
411 1241 486 1281 Mu
496 1255 577 1282 ιτΑ
594 1244 835 1281 dehortantur
848 1257 869 1281 a
885 1244 1002 1289 vobis,
1023 1243 1200 1294 Quin‘tes,

128 1307 165 1344 ni
184 1308 344 1345 studium
363 1308 583 1358 reipublicae
598 1309 717 1345 omnia
732 1317 898 1359 superet;
917 1322 1006 1359 opes
1020 1308 1202 1352 factionis,

129 1381 246 1409 vesti-a
265 1371 450 1422 patientia,
472 1374 532 1424 jus
552 1372 703 1417 nullum,
723 1387 764 1410 ac
783 1386 964 1418 maxume,
984 1374 1084 1424 quod
1099 1373 1202 1410 inno-

128 1436 266 1475 centiae
285 1435 367 1486 plus
382 1436 545 1486 periculi,
574 1450 682 1488 quam
701 1437 862 1483 honoris,
891 1447 958 1476 est.
1017 1438 1112 1476 Nam
1142 1437 1205 1475 illa

129 1501 275 1551 quidem
298 1502 401 1552 piget
433 1501 567 1546 dicere,
595 1502 650 1539 his
682 1502 780 1539 annis
809 1517 868 1539 xv.
903 1513 1012 1552 quarn
1044 1502 1202 1539 ludibrio

129 1564 269 1602 fueritis
289 1565 475 1614 superbiae
495 1578 696 1615 paucorum
713 1581 724 1610 ς
753 1579 862 1615 quam
890 1565 996 1603 foede
1015 1577 1200 1616 quamque

129 1628 234 1666 inulti
253 1628 423 1679 perierint
442 1629 551 1666 vestii
571 1629 775 1667 defensores
791 1645 801 1675 ;
823 1639 863 1667 ut
878 1631 980 1667 vobis
1000 1630 1137 1667 animus
1156 1631 1202 1668 ab

128 1693 270 1745 ignavia
288 1702 397 1744 atque
426 1694 587 1731 secordia
616 1703 811 1744 corruptus
840 1694 901 1738 sit,
942 1694 1004 1744 qui
1034 1707 1078 1731 ne
1106 1707 1204 1735 nunc,

130 1758 290 1808 quidem,
317 1758 483 1795 obnoxiis
515 1757 678 1802 inimicis,
711 1757 921 1809 exsurgitis,
953 1767 1063 1808 atque
1093 1758 1202 1795 etiam

129 1835 224 1859 nune
243 1822 392 1867 timetis,
412 1823 544 1872 quibus
563 1823 669 1860 decet
687 1823 816 1860 terrori
835 1836 924 1860 esse.
970 1823 1056 1867 Sed,
1076 1836 1204 1873 quam-

129 1899 238 1936 quam
257 1886 347 1924 haee
369 1886 454 1924 talia
487 1895 584 1932 sunt,
625 1895 744 1924 tamen
785 1887 929 1925 obviam
955 1888 1007 1925 ire
1032 1887 1205 1925 factionis

129 1950 316 1999 potentiae
334 1952 471 1988 animus
486 1951 622 2002 subigit
638 1966 647 1990 ε
669 1959 766 1989 certe
781 1965 853 2002 ego
872 1951 1091 1996 libertatem,
1109 1964 1201 2002 quae

129 2013 216 2051 mihi
233 2027 255 2051 a
271 2024 420 2065 parente
446 2015 578 2053 tradita
596 2024 665 2059 est,
694 2015 880 2065 experiar:
910 2030 1034 2054 verum
1052 2017 1089 2054 id
1109 2017 1203 2054 frus-

129 2088 199 2122 tra,
226 2092 269 2116 an
289 2080 341 2118 ob
358 2093 445 2124 rem,
465 2079 607 2124 faciam,
636 2080 671 2116 in
691 2089 808 2118 vestra
826 2094 933 2119 manu
952 2082 1074 2126 situm,
1108 2082 1203 2132 Qui-

129 2142 228 2180 rites.
271 2143 403 2194 Neque
421 2158 493 2195 ego
513 2144 654 2188 hortor,
680 2146 781 2194 quod
800 2159 907 2198 saepe
924 2149 1074 2198 majores
1092 2145 1203 2184 vestri

606 2208 652 2245 M
681 2210 706 2245 2
