1451 2719
308 311 621 350 SALLUSTII
651 311 992 351 JUGURTHA.
1109 310 1182 352 127

117 421 256 460 Marius
292 423 437 460 anxium
479 425 702 475 adgreditur,
751 435 860 475 atque
901 424 1080 466 hortatur,
1129 422 1182 459 uti

115 485 411 523 contumeliarum
440 487 662 537 imperatoris
681 502 764 525 cum
797 502 861 525 suo
891 486 1023 524 auxilio
1051 500 1183 536 poenas

116 559 242 599 petat:
290 551 471 587 hominem
501 553 548 588 ob
582 553 728 589 morbos
757 552 874 588 animo
909 564 1034 600 parum
1067 550 1184 586 valido

116 614 271 651 secunda
301 615 463 652 oratione
493 615 663 654 extollit:
697 616 797 652 illum
831 629 965 666 regem,
998 615 1183 665 ingentem

116 678 243 724 virum,
260 680 470 717 Masinissae
486 690 669 731 nepotem,
681 694 756 717 esse
771 695 780 717 z
803 679 829 716 si
844 679 1027 729 Jugurtha
1040 688 1184 728 captus,

116 752 178 780 aut
209 745 363 788 occisus,
393 745 582 794 imperium
614 744 805 782 Numidiae
832 744 904 780 sine
925 757 1022 779 mora
1042 743 1186 779 habitu-

115 821 219 845 rum:
250 809 287 845 id
301 809 390 845 adeo
410 818 548 846 mature
568 823 672 859 posse
691 808 842 851 evenire,
863 808 889 844 si
905 808 979 856 ipse
995 806 1120 843 consul
1139 807 1185 842 ad

116 872 151 909 id
177 872 310 910 bellum
331 874 457 910 missus
475 873 582 910 foret.
642 873 773 922 ltaque
792 881 827 908 et
847 871 961 914 illum,
988 880 1025 908 et
1044 871 1186 920 equites

89 949 91 953 ⁴
121 936 320 981 Romanos,
349 937 478 974 milites
498 947 534 974 et
555 937 816 988 negotiatores,
835 935 921 972 alios
941 935 1029 985 ipse,
1050 935 1186 985 pleros-

117 1014 187 1049 que
207 1014 286 1050 spes
305 1001 404 1051 pacis
422 1001 589 1050 impellit,
609 1001 662 1037 uti
686 1000 841 1037 Romam
861 999 906 1036 ad
926 1013 1007 1035 suos
1028 1012 1187 1036 necessa—

117 1064 188 1101 rios
213 1078 335 1114 aspere
366 1065 399 1101 in
432 1064 625 1102 Metellum
646 1065 690 1101 de
710 1064 805 1100 bello
827 1065 997 1108 scribant,
1028 1065 1187 1101 Marium

116 1127 369 1177 imperatorem
399 1138 564 1178 poscant.
623 1128 683 1165 Sic
713 1127 762 1164 illi
782 1142 801 1164 a
824 1128 946 1165 multis
976 1129 1186 1166 mortalibus

114 1191 377 1228 honestissuma
392 1191 649 1242 suffragatione
669 1191 877 1229 consulatus
893 1193 1084 1242 petebatur
1102 1208 1110 1230 :
1143 1193 1189 1229 si-

116 1255 191 1292 mul
210 1269 251 1293 ea
270 1264 487 1306 tempestate
507 1255 644 1306 plebes,
674 1256 862 1293 nobilitate
882 1256 960 1294 fusa
986 1272 1050 1308 per
1067 1257 1186 1309 legem

118 1319 334 1364 Mamiliam,
354 1333 465 1357 novos
483 1319 697 1357 extollebat.
740 1321 799 1357 Ita
819 1321 938 1358 Mario
954 1330 1085 1358 cuncta
1103 1336 1187 1372 pro-

116 1384 256 1421 cedere.

172 1512 327 1550 LXVI.
372 1507 559 1550 INTl-:Rim
593 1513 790 1564 Jugurtha,
820 1523 1028 1564 postquam,
1058 1514 1189 1551 omissa

119 1576 316 1620 deditione,
346 1576 481 1613 bellum
512 1577 652 1627 incipit,
683 1591 765 1614 cum
791 1591 921 1628 magna
951 1592 1034 1614 cura
1064 1592 1186 1627 parare

118 1641 249 1684 omnia,
277 1640 459 1684 festinare,
487 1655 618 1692 cogere
637 1641 861 1679 exercitum:
892 1642 1068 1686 civitates,
1097 1655 1188 1692 quae

117 1705 164 1741 ab
185 1718 221 1742 se
241 1704 460 1748 defecerant,
481 1705 684 1749 formidine,
705 1715 767 1742 aut
782 1707 997 1742 ostentando
1017 1707 1187 1756 praemia,

117 1767 324 1807 adfectare:
357 1770 578 1806 communire
599 1783 681 1806 suos
699 1769 828 1814 locos;
858 1783 966 1812 arma,
997 1769 1081 1814 tela,
1107 1770 1186 1814 alia,

117 1846 209 1882 quae
239 1847 302 1883 spe
331 1833 429 1883 pacis
448 1834 626 1877 amiserat,
657 1833 815 1877 reficere,
845 1843 908 1871 aut
927 1835 1185 1873 commercari:

115 1896 258 1933 servitia
292 1897 540 1934 Romanorum
570 1897 736 1941 adlicere,
764 1907 801 1934 et
829 1912 890 1935 eos
919 1898 1028 1948 ipsos,
1062 1900 1123 1949 qui
1150 1900 1185 1936 in

117 1960 302 2010 praesidiis
331 1971 447 2006 erant,
478 1962 630 2012 pecunia
660 1971 825 2000 tentare:
856 1978 1001 2012 prorsus
1031 1965 1116 2002 nihil
1135 1965 1188 2002 in-

115 2032 259 2061 tactum
283 2038 400 2075 neque
428 2027 590 2076 quietum
621 2027 722 2076 pati:
751 2037 883 2064 cuncta
901 2029 1050 2080 agitare.
1110 2031 1188 2081 Igi-

117 2096 178 2124 tur
196 2088 397 2140 Vagenses,
426 2104 498 2140 quo
525 2089 698 2128 Metellus
718 2090 833 2134 initio,
861 2091 1044 2144 Jugurtha
1066 2095 1187 2144 pacili-

117 2158 237 2197 cante,
256 2153 473 2204 praesidium
504 2155 737 2204 imposuerat,
770 2153 916 2206 fatigati
936 2157 1030 2208 regis
1050 2157 1187 2208 suppli-
