1497 2689
247 312 324 349 ‘236
632 307 935 347 INDEX.

252 419 501 461 Aristonicus,
514 417 640 455 Attali
653 418 759 462 filius,
772 434 836 469 per
849 420 1074 470 triumphum
1086 421 1220 458 ductus
1234 422 1327 459 210.

254 484 388 521 Arsaci
409 482 532 519 scribit
554 482 789 520 Mithridates
810 486 899 522 209.

254 550 348 586 Asia
368 562 387 584 a
412 548 584 585 Romanis
600 549 745 584 obsessa
766 550 857 586 210.

254 613 380 662 Aspar
410 612 569 649 Numida
597 612 808 662 praemissus
829 626 848 649 a
868 613 1052 663 Jugurtha
1082 612 1222 655 Bocchi
1241 627 1328 651 con-

307 676 381 713 silia
402 676 627 725 speculatum
655 678 872 715 170—173.

256 740 539 777 Atheniensium
555 738 651 775 facta
672 754 738 789 pro
759 739 920 777 maximis
940 754 961 777 a
980 740 1215 790 scriptoribus
1234 739 1327 778 cele-

306 805 457 839 brantur
479 805 513 842 7.

258 868 453 905 Adherbal
484 867 661 917 Micipsae
693 868 787 905 filius
814 872 877 909 65.
927 868 1045 905 victus
1083 881 1103 904 a
1130 867 1329 919 Jugurtha‚

312 934 469 970 Romam
489 932 692 975 contendit,
721 942 758 969 et
778 933 813 968 in
834 940 960 969 senatu
979 922 1179 969 orationem
1197 931 1328 969 habuit

309 998 478 1037 72-77.
510 997 612 1034 Cirta
632 1010 652 1032 a
671 997 856 1047 Jugurtha
875 996 1062 1033 obsidetur
1083 999 1145 1034 83.
1174 997 1253 1046 eJus
1271 993 1332 1032 lit-

308 1069 406 1098 terae
436 1060 482 1097 ad
512 1069 675 1096 senatum
708 1063 769 1098 85.
802 1074 837 1097 se
857 1069 894 1097 et
913 1060 1091 1109 oppidum
1118 1058 1327 1110 Jugurthae

311 1125 426 1175 dedit,
446 1133 482 1161 et
502 1125 546 1160 ab
568 1123 629 1160 illo
649 1124 878 1175 excruciatus
897 1133 1047 1177 necatur
1068 1125 1131 1163 87.

262 1188 437 1231 Attalum
458 1188 693 1239 miserrimum
712 1187 829 1228 fecere
853 1188 1008 1226 Romani
1029 1189 1118 1224 210.

255 1253 464 1291 Aventinus
485 1266 587 1302 mons
605 1252 661 1289 bis
677 1266 696 1289 a
714 1252 820 1310 plebe
840 1267 905 1302 per
919 1252 1154 1289 secessionem
1169 1263 1328 1302 occupa-

309 1330 368 1356 tus
389 1321 452 1359 93.

256 1382 381 1420 Aulus
405 1390 620 1432 propraetor
640 1383 702 1419 99.
727 1379 883 1417 Suthule
904 1379 1030 1427 relicto
1054 1383 1140 1418 100.
1163 1393 1246 1416 cum
1266 1380 1333 1417 Ju-

309 1446 444 1497 gurtha
462 1445 592 1494 iniquis
613 1444 882 1498 conditionibus
903 1444 1031 1493 foedus
1049 1444 1139 1482 fecit
1163 1447 1251 1482 101.

256 1510 412 1548 Aurelia
433 1508 620 1561 Orestilla,
647 1507 825 1561 Catilinae
844 1511 977 1563 conjux
1003 1510 1062 1546 1⁶2.

255 1574 464 1619 Autronius
479 1571 606 1611 consul
618 1572 884 1629 designatus2at
896 1573 1052 1625 ambitus
1064 1573 1254 1627 damnatus
1271 1575 1331 1611 14.

778 1692 810 1730 B

259 1768 448 1805 BAEBms
470 1767 555 1804 trib.
578 1766 628 1816 pl.
650 1779 670 1803 a
688 1766 875 1818 ,Iugurtha
893 1768 1141 1818 corrumpitur
1161 1770 1226 1812 96.

260 1831 426 1869 Baleares
447 1831 650 1868 funditores
675 1833 760 1871 167.

260 1895 440 1933 Bellienus
461 1904 608 1945 praetor
632 1898 717 1934 166.

258 1959 400 1997 Bellum
422 1959 648 1997 Cimbricum
669 1962 732 1998 56.
755 1959 936 2011 Punicum
952 1960 1150 2011 secundum
1171 1964 1235 2007 64.
1257 1975 1333 2001 ma-

306 2023 465 2060 ritimum
485 2034 594 2077 atque
624 2023 921 2075 Mithridaticum
943 2028 1004 2062 31.
1035 2024 1158 2069 servile
1179 2025 1328 2076 Capuae

306 2096 417 2137 atque
436 2087 470 2123 in
492 2087 635 2137 Apulia
655 2089 717 2124 24.
748 2087 936 2128 adversum
966 2088 1096 2138 Gallos
1120 2088 1211 2140 male
1232 2103 1335 2126 com-

305 2151 452 2191 missum
472 2153 558 2192 174.
573 2164 657 2189 cum
673 2150 860 2202 Philippo,
874 2151 1121 2207 Macedonum
1135 2166 1221 2205 rege
1237 2155 1334 2191 210.
