1497 2689
178 288 228 322 42
383 282 696 320 SALL‘USTII
727 282 1037 322 CATILINAJ

177 409 246 433 ncu
279 394 392 446 magis
425 394 508 438 irae,
543 409 650 446 quam
670 395 796 440 famae,
820 396 1025 433 consulatis.
1084 395 1192 439 Nam,
1219 395 1247 432 si

178 460 288 511 digna
308 473 423 509 poena
442 473 508 508 pro
528 458 633 495 factis
652 473 776 495 eorum
796 460 983 509 reperitur,
1012 473 1142 496 novum
1162 473 1249 496 con-

178 525 293 562 silium
321 525 484 573 adprobo
502 539 511 561 :
543 524 594 560 sin
611 524 823 574 magnitudo
845 523 984 561 sceleris
1003 524 1163 560 omnium
1196 523 1249 560 in-

178 589 282 641 genia
313 597 518 638 exsuperat,
547 588 586 624 iis
616 588 791 624 utendum
819 601 960 631 censeo,
990 601 1079 638 quae
1107 587 1247 638 legibus

176 662 384 703 comparata
416 661 510 688 sunt.
570 652 737 703 Plerique
755 666 893 696 eorum,
914 653 974 703 qui
993 661 1075 689 ante
1095 666 1151 689 me
1171 666 1250 689 sen-

176 717 307 754 tentias
335 717 516 759 dixerunt,
548 716 749 765 composite
776 725 885 767 atque
913 716 1102 766 magnifice
1126 729 1249 753 casum

177 780 395 830 reipublicae
423 780 577 816 miserati
611 789 691 816 sunt
715 795 724 817 :
756 794 846 830 quae
864 779 947 816 belli
972 779 1128 823 saevitia,
1158 793 1249 830 quae

177 845 280 882 victis
295 844 513 887 acciderent,
532 857 800 888 enumeravere3
822 845 898 893 rapi
913 844 1080 895 virgines,
1096 858 1247 893 pueros;

177 909 295 946 divelli
313 909 444 944 liberos
473 922 493 944 a
519 908 721 957 parentium
740 908 934 957 complexu
957 924 967 952 ;
997 917 1127 944 matres
1147 907 1251 944 fami-

175 973 302 1009 liarum
321 972 411 1021 pati,
432 985 521 1022 quae
537 972 733 1016 victoribus
753 972 1017 1016 collibuissent3
1040 971 1122 1008 fana
1138 981 1247 1023 atque

176 1037 303 1073 domos
322 1035 512 1085 exspoliari
528 1051 537 1079 ;
567 1036 726 1080 caedem,
746 1036 909 1073 incendia
928 1036 1028 1080 fieri;
1062 1045 1247 1085 postremo

174 1101 294 1144 armis,
322 1100 567 1142 cadaveribus,
596 1114 723 1137 cruore
752 1109 861 1152 atque
890 1101 992 1138 luctu
1011 1101 1129 1137 omnia
1148 1116 1249 1138 com-

176 1165 276 1215 pleri.
336 1164 422 1207 Sed,
450 1177 515 1213 per
542 1163 628 1200 deos
657 1164 866 1202 immortalis
890 1167 897 1201 !
941 1179 1012 1215 quo
1042 1165 1100 1201 illa
1132 1165 1248 1203 oratio

174 1227 350 1279 pertinuit
367 1229 380 1265 ἓ
407 1242 464 1272 an,
494 1228 547 1264 uti
567 1241 629 1264 vos
648 1227 798 1265 infestos
818 1228 1055 1279 conjurationi
1083 1228 1218 1266 faceret
1236 1231 1248 1266 ?

176 1293 338 1336 Scilicet,
359 1306 465 1343 quem
481 1306 535 1328 res
549 1300 651 1328 tanta
670 1301 778 1343 atque
798 1302 872 1329 tam
891 1302 995 1329 atrox
1016 1308 1086 1330 non
1106 1309 1249 1344 permo-

173 1358 238 1401 vit,
257 1371 340 1394 eum
359 1356 475 1393 oratio
504 1357 690 1393 accendet.
736 1357 821 1394 Non
841 1357 892 1393 ita
925 1367 979 1394 est
998 1373 1006 1394 z
1039 1372 1153 1408 neque
1173 1359 1249 1395 cui-

173 1435 281 1474 quam
300 1419 505 1456 mortalium
526 1420 671 1470 injuriae
692 1434 773 1457 suae
793 1435 920 1470 parvae
941 1421 1131 1459 videntur:
1157 1422 1250 1459 mul.

172 1486 201 1522 ti
220 1499 278 1522 eas
298 1483 442 1535 gravius
461 1497 576 1533 aequo
595 1484 764 1520 habuere.
825 1485 899 1521 Sed
917 1485 992 1521 aliis
1007 1485 1073 1521 alia
1091 1485 1250 1532 licentia,

174 1552 300 1588 Patres
331 1548 540 1597 conscripti.
610 1548 684 1597 Qui
715 1548 856 1585 demissi
886 1549 920 1585 in
952 1550 1108 1586 obscuro
1139 1551 1249 1588 vitam

171 1615 322 1657 habent,
353 1613 381 1649 si
413 1612 502 1662 quid
532 1611 713 1648 iracundia
743 1612 940 1662 deliquere,
969 1614 1076 1663 pauci
1097 1615 1247 1666 sciunt3

171 1678 266 1715 fama
285 1687 396 1727 atque
415 1676 562 1713 fortuna
582 1690 685 1726 pares
706 1685 789 1713 sunt
806 1691 815 1714 :
846 1677 921 1726 qui,
942 1691 1075 1727 magno
1095 1677 1247 1728 imperio

170 1744 340 1794 praediti,
353 1743 388 1778 in
403 1741 548 1779 excelso
564 1750 719 1778 aetatem
735 1750 862 1792 agunt,
874 1755 998 1778 eorum
1014 1741 1111 1778 facta
1125 1743 1247 1780 cuncti

172 1807 342 1845 mortales
362 1820 503 1843 novere.
563 1806 622 1842 Ita
652 1805 686 1841 in
720 1818 888 1841 maxuma
918 1804 1064 1841 fortuna
1090 1805 1249 1842 minuma

170 1874 315 1910 licentia
333 1880 415 1909 est':
447 1885 563 1920 neque
584 1871 741 1913 studere,
765 1884 880 1919 neque
900 1870 1031 1913 odisse,
1052 1870 1114 1906 sed
1133 1869 1249 1907 minu-

171 1954 227 1976 me
260 1938 364 1975 irasci
397 1937 530 1973 decet:
572 1949 662 1985 quae
696 1935 794 1984 apud
826 1934 913 1970 alios
945 1934 1128 1971 iracundia
1160 1934 1250 1972 dici-

169 2014 243 2047 tur,
277 2003 311 2039 in
343 2001 493 2051 imperio
527 2000 694 2049 superbia
723 2010 832 2048 atque
866 1999 1058 2036 crudelitas
1090 1999 1256 2049 adpella-*

170 2079 243 2106 tur.
303 2066 486 2115 Equidem
517 2078 587 2116 ego
612 2065 661 2101 sic
682 2073 859 2108 aestumo,
889 2065 1015 2101 Patres
1036 2065 1255 2114 conscripti,-

168 2132 284 2170 omnis
300 2131 481 2168 cruciatus
497 2130 666 2172 minores,
683 2142 790 2177 quam
806 2128 963 2166 facinora
978 2128 1134 2172 illorum,
1150 2142 1225 2165 csse
1236 2144 1256 2165 :⁴
