1451 2719
332 258 648 298 SALLUSTII
691 260 1087 300 FRAGMENTA.
1170 263 1245 301 201

162 370 294 422 agitat·
344 371 432 423 Ego
446 385 517 408 non
534 385 606 409 rem
621 372 831 410 familiarem
851 375 974 417 modo,
991 386 1112 410 verum
1131 373 1239 410 etiam

161 434 286 480 fidem,
308 435 501 473 consumsi.
555 436 702 487 Reliqui
717 452 780 475 vos
799 438 885 489 estis
903 453 913 482 ;
943 437 1004 488 qui
1025 437 1090 473 nisi
1111 437 1241 474 subve-

160 498 259 544 nitis,
276 499 390 537 invito
405 509 442 538 et
461 501 692 550 praedicente
707 516 777 547 me,
804 502 985 539 exercitus
1000 501 1084 538 hinc
1099 511 1136 538 et
1153 515 1237 538 cum

157 576 204 601 eo
223 577 328 601 omne
347 563 482 602 bellum
512 564 715 616 Hispaniae
733 566 768 603 in
799 565 942 603 Italiam
970 566 1238 617 transgredien-

159 635 234 665 tur.

211 692 397 743 Namque,
424 693 479 730 his
505 704 649 744 praeter
666 694 771 732 solita
792 695 926 732 vitiosis
947 695 1238 746 magistratibus,

156 770 241 794 cum
278 771 343 807 per
373 771 516 795 omnem
549 759 767 808 provinciam
805 759 1068 796 infecunditate
1101 758 1236 796 biennii

155 821 324 870 proxumi
344 835 454 873 grave
472 823 629 872 pretium
649 822 830 861 fructibus
849 833 955 861 esset.
1005 824 1100 861 Non.
1117 838 1236 873 grave

157 886 308 924 multum.
891 891 894 895 ’

211 951 282 996 Hi,
302 950 450 989 saltibus
469 953 671 1002 occupatis,
700 962 778 990 tum
798 961 1030 989 externorum
1053 964 1160 1002 agros
1180 951 1235 987 in·

154 1028 274 1052 vasere
291 1031 300 1053 ε
344 1014 589 1066 frumentique
623 1030 666 1054 ex
698 1016 817 1066 inopia
847 1017 947 1067 gravi
981 1016 1086 1053 satias
1119 1015 1230 1053 facta.

156 1080 266 1124 Idem,
288 1081 405 1118 Satias
417 1090 490 1133 [ινα
509 1083 659 1118 satietas.

209 1145 341 1194 Neque
355 1147 431 1196 jam
451 1145 616 1182 sustineri
637 1154 795 1194 poterat,
812 1145 1024 1182 immensum
1037 1152 1148 1181 aucto
1161 1157 1238 1180 ma·

153 1207 196 1253 ri,
224 1217 262 1245 et
282 1216 390 1245 vento
411 1208 592 1259 gliscenti.
651 1209 759 1252 Idem,
787 1209 911 1246 Gliscit
943 1218 990 1246 est
1022 1207 1232 1258 congelascit,

152 1271 336 1323 colligitur,
355 1273 507 1322 ignescit,
527 1275 656 1310 crescit.

205 1336 272 1374 Ac
291 1344 371 1373 tum
390 1349 570 1381 maxume,
591 1337 645 1374 uti
665 1337 757 1374 solet
776 1337 946 1374 extremis
967 1337 1001 1373 in
1021 1336 1142 1380 rebus,
1163 1335 1232 1373 sibi

152 1399 306 1450 quisque
325 1399 558 1437 carissumum
579 1400 676 1437 domi
702 1401 894 1444 recordari,
923 1400 1118 1450 cunctique
1152 1413 1231 1436 om-

151 1465 250 1501 nium
270 1465 438 1502 ordinum
457 1473 617 1502 extrema
651 1466 770 1502 munia
789 1465 902 1515 sequi.
960 1465 1069 1509 Idem,
1103 1466 1229 1509 munia,

150 1529 270 1581 qfficia.
906 1566 910 1568 .

205 1593 260 1631 Et
278 1593 375 1630 forte
393 1594 428 1630 in
449 1593 652 1645 navigando
683 1594 813 1631 cohors
843 1606 926 1637 una,
955 1592 1082 1644 grandi
1116 1591 1230 1629 faselo

148 1667 266 1702 vecta,
286 1671 307 1694 a
325 1658 452 1695 ceteris
472 1658 662 1703 deerravit,
697 1659 855 1708 marique
875 1658 1019 1708 placido
1044 1671 1063 1694 a
1083 1658 1228 1694 duobus

147 1722 371 1772 praedonum
386 1723 670 1773 myoparonibus
685 1723 942 1760 circumventa.
987 1722 1096 1766 Idem,
1116 1724 1150 1759 in
1166 1737 1230 1760 vo·

148 1802 184 1824 ce
201 1787 359 1831 Faselus,
385 1797 416 1824 et
438 1787 634 1840 Myojtaro.

204 1851 302 1888 Eum
336 1860 447 1901 atque
469 1851 753 1902 Metrophanem
774 1859 917 1888 senatus
946 1863 1078 1902 magna
1107 1850 1230 1887 indus-

147 1917 217 1955 tria
235 1918 486 1967 perquirebat,
515 1931 598 1954 cum
619 1930 683 1966 per
701 1926 759 1954 tot
780 1916 944 1966 scaphas,
965 1929 1052 1966 quas
1068 1915 1114 1952 ad
1133 1915 1227 1952 ostia

147 1996 231 2020 cum
249 1983 375 2033 paucis
395 1982 476 2020 fidis
503 1990 782 2032 percunctatum
814 1981 994 2018 miserant.
1066 1979 1161 2018 Idem
1195 1989 1225 2018 et

149 2048 322 2092 Carisius,
348 2048 406 2086 lib.
428 2050 452 2085 i.

200 2112 310 2152 Duos
329 2126 439 2164 quam
458 2125 646 2151 maxumos
666 2119 763 2149 utres
790 2109 858 2148 levi
878 2109 1022 2150 tabulae
1043 2108 1196 2162 subjecit
1213 2124 1224 2154 3

643 2175 676 2214 C
704 2189 724 2213 c
