1451 2719
321 303 633 342 SALLUSTII
663 304 1003 344 JUGURTHAs
1120 308 1195 344 159

124 406 158 451 in
177 414 324 452 hiberna
342 415 645 464 proficiscentem,
674 417 730 453 vix
760 417 898 454 decima
917 426 1018 467 parte
1037 415 1094 452 die
1113 415 1194 452 reli-

123 491 207 528 qua,
236 479 430 516 invadunt:
462 480 528 516 rati
558 491 716 524 noctem,
744 495 835 531 quae
850 483 922 533 jam
955 480 1091 523 aderat,
1121 478 1194 516 vic-

119 542 166 580 tis
185 542 251 579 sibi
270 543 491 580 munimento
526 543 615 588 fore,
643 554 694 588 ct,
724 546 750 581 si
781 545 960 588 vicissent,
994 543 1093 580 nullo
1128 543 1193 579 im-

121 606 342 656 pedimentO,
363 606 447 656 quia
464 607 627 644 locorum
648 608 799 645 scientes
818 618 942 652 erant;
963 616 1089 644 contra
1113 607 1192 643 Ro-

120 669 230 706 manis
250 679 442 720 utrumque
462 685 584 708 casum
603 672 638 708 in
658 672 813 709 tenebris
843 670 1092 708 difficiliorem.
1153 670 1190 706 I-

120 734 234 785 gitur,
249 735 353 772 simul
366 736 491 772 consul
506 751 549 772 cx
567 735 688 773 multis
701 737 745 772 de
761 736 919 772 hostium
932 735 1089 771 adventu
1104 747 1194 785 cog-

119 799 233 843 novit,
262 808 298 836 ct
320 799 388 849 ipsi
411 800 533 836 hostes
553 800 714 844 aderant,
748 810 784 837 ct
819 800 1025 849 priusquam
1056 798 1194 836 exerci-

117 871 178 899 tus
197 871 260 899 aut
282 863 422 906 instrui,
451 873 511 900 aut
533 864 685 900 sarcinas
705 863 889 913 colligere,
918 863 1071 912 denique
1092 870 1194 898 ante-

118 940 226 975 quam
246 927 401 978 signum,
430 938 493 963 aut
513 927 700 976 imperium
722 926 833 963 ullum
853 928 1028 981 accipere,
1059 926 1188 976 quivit,

116 990 257 1040 equites
277 990 399 1028 Mauri
417 999 526 1041 atque
555 991 720 1034 Gaetuli,
750 1003 820 1027 non
853 991 945 1034 acie,
980 1004 1095 1040 neque
1121 988 1195 1026 ullo

119 1068 221 1092 more
241 1054 381 1104 proelii,
409 1055 471 1091 sed
491 1055 716 1099 catervatim,
747 1055 800 1091 uti
821 1068 986 1104 quosque
1006 1053 1080 1090 fors
1110 1067 1196 1090 eon-

119 1117 345 1169 globaverat,
373 1118 408 1154 in
428 1127 570 1155 nostros
589 1127 809 1155 concurrunt
826 1133 836 1163 ;
872 1119 934 1168 qui
954 1132 1089 1162 omnes,
1123 1126 1196 1154 tre-

119 1183 196 1233 pidi
216 1183 410 1233 improviso
430 1192 543 1227 metu,
562 1197 603 1220 ac
619 1193 738 1220 tamen
759 1183 901 1219 virtutis
920 1196 1107 1226 memores,
1128 1190 1192 1218 aut

118 1261 215 1284 arma
234 1247 442 1296 capiebant,
470 1256 533 1284 aut
553 1247 727 1296 capientis
755 1246 842 1283 alios
870 1247 914 1283 ab
935 1247 1101 1284 hostibus
1133 1247 1195 1283 dc-

120 1311 336 1348 fensabant:
366 1324 448 1361 pars
467 1324 579 1360 equos
598 1311 802 1354 escendere,
831 1310 973 1347 obviam
1000 1310 1050 1347 ire
1082 1310 1197 1346 hosti-

118 1377 213 1414 bus:
243 1389 370 1427 pugna
388 1374 577 1412 latrocinio
606 1374 734 1425 magis,
764 1388 871 1424 quam
890 1374 1041 1424 proelio,
1074 1373 1199 1410 similis*

120 1441 207 1478 fieri.
250 1440 335 1478 Sine
351 1439 474 1490 signis,
494 1439 567 1475 sine
582 1438 782 1482 ordinibus,
801 1438 942 1488 equites
960 1438 1100 1487 pedites
1115 1451 1198 1487 per-

120 1504 226 1542 mixti
254 1504 402 1540 caedere
435 1502 536 1547 alios,
560 1502 648 1540 alios
667 1503 899 1547 obtruncare,
927 1502 1075 1547 multos,
1109 1517 1197 1539 con-

121 1578 178 1606 tra
197 1569 369 1606 advorsos
388 1580 569 1604 acerrume
601 1566 810 1618 pugnantis,
838 1567 884 1603 ab
903 1576 1010 1617 tergo
1040 1567 1193 1603 circum-

118 1632 261 1670 venire:
292 1645 410 1681 neque
431 1631 543 1667 virtus
563 1644 678 1680 neque
698 1643 794 1666 arma
827 1630 912 1666 satis
932 1638 1071 1681 tegere,
1095 1630 1195 1680 quod

120 1697 245 1744 hostes
264 1709 413 1732 numero
433 1694 566 1744 plures,
586 1704 622 1731 et
643 1695 801 1744 undique
820 1694 1027 1731 circumfusi
1044 1709 1053 1732 :
1095 1694 1194 1731 deni-

121 1776 193 1812 que
216 1760 375 1798 Romani
393 1769 544 1803 veteres,
573 1759 741 1808 novique,
770 1767 806 1795 et
826 1759 873 1795 ob
891 1772 932 1795 ea
951 1758 1102 1796 scientes
1121 1758 1196 1796 bel-

120 1826 159 1871 li,
188 1826 217 1864 si
237 1839 328 1875 quos
347 1824 463 1868 locus,
492 1832 554 1860 aut
574 1836 676 1859 casus
695 1825 946 1874 conjunxerat,
974 1823 1079 1860 orbes
1099 1822 1196 1860 face-

121 1904 158 1928 re
177 1905 188 1935 ;
216 1898 326 1939 atque
345 1888 396 1925 ita
415 1888 460 1924 ab
479 1887 647 1923 omnibus
671 1887 835 1936 partibus
856 1885 960 1923 simul
978 1886 1067 1923 tecti
1086 1896 1123 1923 et
1143 1886 1193 1923 in-

121 1954 252 1992 structi
271 1953 431 1991 hostium
452 1951 524 1990 vim
541 1950 804 1988 sustentabant.

173 2082 373 2121 XCVIII.
432 2081 583 2125 NEQUE
615 2079 649 2115 in
687 2092 731 2116 eo
769 2087 842 2115 tam
875 2091 1003 2128 aspero
1043 2077 1194 2130 negotio

121 2147 267 2185 territus
288 2145 440 2190 Marius,
470 2154 531 2182 aut
552 2143 678 2194 magiS,
707 2156 815 2192 quam
834 2150 951 2187 antea,
980 2142 1136 2180 demisso
1157 2155 1194 2179 a-
