<?xml version="1.0" encoding="UTF-8"?>
<!DOCTYPE html PUBLIC "-//W3C//DTD XHTML 1.0 Transitional//EN"
    "http://www.w3.org/TR/xhtml1/DTD/xhtml1-transitional.dtd">
<html xmlns="http://www.w3.org/1999/xhtml" xml:lang="en" lang="en">
 <head>
  <title>
</title>
<meta http-equiv="Content-Type" content="text/html;charset=utf-8" />
  <meta name='ocr-system' content='tesseract 3.04.00' />
  <meta name='ocr-capabilities' content='ocr_page ocr_carea ocr_par ocr_line ocrx_word'/>
</head>
<body>
  <div class='ocr_page' id='page_1' title='image "./quaesupersuntope00salluoft_0056.png"; bbox 0 0 1497 2689; ppageno 0'>
   <div class='ocr_carea' id='block_1_1' title="bbox 146 282 1007 325">
    <p class='ocr_par' dir='ltr' id='par_1_1' title="bbox 146 282 1007 325">
     <span class='ocr_line' id='line_1_1' title="bbox 146 282 1007 325; baseline 0.007 -6"><span class='ocrx_word' id='word_1_1' title='bbox 146 287 198 320; x_wconf 61' lang='lat'><strong>44⁴</strong></span> <span class='ocrx_word' id='word_1_2' title='bbox 351 282 669 322; x_wconf 90' lang='lat' dir='ltr'>SALLUSTII</span> <span class='ocrx_word' id='word_1_3' title='bbox 698 285 1007 325; x_wconf 88' lang='lat' dir='ltr'><strong>CATILINA.</strong></span> 
     </span>
    </p>
   </div>
   <div class='ocr_carea' id='block_1_2' title="bbox 154 394 1298 2185">
    <p class='ocr_par' dir='ltr' id='par_1_2' title="bbox 154 394 1298 2185">
     <span class='ocr_line' id='line_1_2' title="bbox 156 394 1232 448; baseline 0.004 -17"><span class='ocrx_word' id='word_1_4' title='bbox 156 394 318 438; x_wconf 82' lang='lat' dir='ltr'><strong>fortuna,</strong></span> <span class='ocrx_word' id='word_1_5' title='bbox 352 397 453 446; x_wconf 84' lang='lat' dir='ltr'><strong>cujus</strong></span> <span class='ocrx_word' id='word_1_6' title='bbox 485 394 610 432; x_wconf 89' lang='lat' dir='ltr'><strong>lubido</strong></span> <span class='ocrx_word' id='word_1_7' title='bbox 644 397 814 448; x_wconf 86' lang='lat' dir='ltr'><strong>gentibus</strong></span> <span class='ocrx_word' id='word_1_8' title='bbox 846 399 1065 435; x_wconf 84' lang='lat' dir='ltr'><strong>moderatur.</strong></span> <span class='ocrx_word' id='word_1_9' title='bbox 1153 397 1232 448; x_wconf 63' lang='lat' dir='ltr'><strong>Illiq</strong></span> 
     </span>
     <span class='ocr_line' id='line_1_3' title="bbox 154 458 1235 509; baseline 0.006 -15"><span class='ocrx_word' id='word_1_10' title='bbox 154 459 282 496; x_wconf 88' lang='lat' dir='ltr'><strong>merito</strong></span> <span class='ocrx_word' id='word_1_11' title='bbox 302 458 448 503; x_wconf 88' lang='lat' dir='ltr'><strong>accidit,</strong></span> <span class='ocrx_word' id='word_1_12' title='bbox 469 459 647 509; x_wconf 89' lang='lat' dir='ltr'><strong>quidquid</strong></span> <span class='ocrx_word' id='word_1_13' title='bbox 665 461 822 498; x_wconf 80' lang='lat' dir='ltr'><strong>evenerit</strong></span> <span class='ocrx_word' id='word_1_14' title='bbox 840 476 850 499; x_wconf 72' lang='grc' dir='ltr'><strong>ε</strong></span> <span class='ocrx_word' id='word_1_15' title='bbox 892 471 1052 499; x_wconf 86' lang='lat' dir='ltr'><strong>ceterum</strong></span> <span class='ocrx_word' id='word_1_16' title='bbox 1066 475 1144 506; x_wconf 81' lang='lat' dir='ltr'><strong>vos,</strong></span> <span class='ocrx_word' id='word_1_17' title='bbox 1164 463 1235 502; x_wconf 71' lang='lat' dir='ltr'><strong>Pa-</strong></span> 
     </span>
     <span class='ocr_line' id='line_1_4' title="bbox 154 523 1232 573; baseline 0.004 -14"><span class='ocrx_word' id='word_1_18' title='bbox 154 531 228 560; x_wconf 82' lang='lat' dir='ltr'><strong>tres</strong></span> <span class='ocrx_word' id='word_1_19' title='bbox 258 523 471 572; x_wconf 85' lang='lat' dir='ltr'>conscripti,</span> <span class='ocrx_word' id='word_1_20' title='bbox 502 523 589 573; x_wconf 90' lang='lat' dir='ltr'><strong>quid</strong></span> <span class='ocrx_word' id='word_1_21' title='bbox 609 523 643 560; x_wconf 88' lang='lat' dir='ltr'><strong>in</strong></span> <span class='ocrx_word' id='word_1_22' title='bbox 663 524 751 561; x_wconf 78' lang='lat' dir='ltr'><strong>alios</strong></span> <span class='ocrx_word' id='word_1_23' title='bbox 780 526 963 570; x_wconf 78' lang='lat' dir='ltr'><strong>statuatis,</strong></span> <span class='ocrx_word' id='word_1_24' title='bbox 993 526 1232 563; x_wconf 87' lang='lat' dir='ltr'><strong>considerate.</strong></span> 
     </span>
     <span class='ocr_line' id='line_1_5' title="bbox 160 587 1236 638; baseline 0.002 -13"><span class='ocrx_word' id='word_1_25' title='bbox 160 587 296 625; x_wconf 87' lang='lat' dir='ltr'><strong>Omnia</strong></span> <span class='ocrx_word' id='word_1_26' title='bbox 325 587 416 624; x_wconf 88' lang='lat' dir='ltr'><strong>mala</strong></span> <span class='ocrx_word' id='word_1_27' title='bbox 438 588 605 638; x_wconf 84' lang='lat' dir='ltr'><strong>exempla</strong></span> <span class='ocrx_word' id='word_1_28' title='bbox 624 601 668 626; x_wconf 85' lang='lat' dir='ltr'><strong>ex</strong></span> <span class='ocrx_word' id='word_1_29' title='bbox 688 589 792 626; x_wconf 84' lang='lat' dir='ltr'><strong>bonis</strong></span> <span class='ocrx_word' id='word_1_30' title='bbox 824 599 905 627; x_wconf 88' lang='lat' dir='ltr'><strong>orta</strong></span> <span class='ocrx_word' id='word_1_31' title='bbox 925 599 1007 627; x_wconf 93' lang='lat' dir='ltr'><strong>sunt</strong></span> <span class='ocrx_word' id='word_1_32' title='bbox 1026 605 1035 627; x_wconf 74' lang='lat' dir='ltr'><strong>t</strong></span> <span class='ocrx_word' id='word_1_33' title='bbox 1066 591 1142 634; x_wconf 84' lang='lat' dir='ltr'><strong>sed,</strong></span> <span class='ocrx_word' id='word_1_34' title='bbox 1172 590 1236 627; x_wconf 80' lang='lat' dir='ltr'><strong>ubi</strong></span> 
     </span>
     <span class='ocr_line' id='line_1_6' title="bbox 154 651 1238 704; baseline 0.002 -16"><span class='ocrx_word' id='word_1_35' title='bbox 154 651 342 701; x_wconf 86' lang='lat' dir='ltr'><strong>imperium</strong></span> <span class='ocrx_word' id='word_1_36' title='bbox 362 652 408 696; x_wconf 87' lang='lat' dir='ltr'><strong>ad</strong></span> <span class='ocrx_word' id='word_1_37' title='bbox 428 652 573 703; x_wconf 87' lang='lat' dir='ltr'><strong>ignaros</strong></span> <span class='ocrx_word' id='word_1_38' title='bbox 592 662 654 689; x_wconf 91' lang='lat' dir='ltr'><strong>aut</strong></span> <span class='ocrx_word' id='word_1_39' title='bbox 682 653 798 690; x_wconf 88' lang='lat' dir='ltr'><strong>minus</strong></span> <span class='ocrx_word' id='word_1_40' title='bbox 817 655 933 691; x_wconf 86' lang='lat' dir='ltr'><strong>bonos</strong></span> <span class='ocrx_word' id='word_1_41' title='bbox 963 655 1140 704; x_wconf 78' lang='lat' dir='ltr'><strong>pervenit,</strong></span> <span class='ocrx_word' id='word_1_42' title='bbox 1170 667 1238 690; x_wconf 85' lang='lat' dir='ltr'><strong>uo-</strong></span> 
     </span>
     <span class='ocr_line' id='line_1_7' title="bbox 156 716 1238 769; baseline 0.002 -17"><span class='ocrx_word' id='word_1_43' title='bbox 156 730 239 753; x_wconf 83' lang='lat' dir='ltr'><strong>vum</strong></span> <span class='ocrx_word' id='word_1_44' title='bbox 259 716 348 753; x_wconf 85' lang='lat' dir='ltr'><strong>illud</strong></span> <span class='ocrx_word' id='word_1_45' title='bbox 369 716 620 766; x_wconf 82' lang='lat' dir='ltr'><strong>[exemplum]</strong></span> <span class='ocrx_word' id='word_1_46' title='bbox 639 718 683 754; x_wconf 87' lang='lat' dir='ltr'><strong>ab</strong></span> <span class='ocrx_word' id='word_1_47' title='bbox 702 717 820 768; x_wconf 76' lang='lat' dir='ltr'><strong>dignis</strong></span> <span class='ocrx_word' id='word_1_48' title='bbox 840 727 877 754; x_wconf 87' lang='lat' dir='ltr'><strong>et</strong></span> <span class='ocrx_word' id='word_1_49' title='bbox 896 718 1032 755; x_wconf 82' lang='lat' dir='ltr'><strong>idoneis</strong></span> <span class='ocrx_word' id='word_1_50' title='bbox 1052 718 1099 754; x_wconf 80' lang='lat' dir='ltr'><strong>ad</strong></span> <span class='ocrx_word' id='word_1_51' title='bbox 1118 718 1238 769; x_wconf 89' lang='lat' dir='ltr'><strong>indig-</strong></span> 
     </span>
     <span class='ocr_line' id='line_1_8' title="bbox 156 780 1240 826; baseline 0.001 -8"><span class='ocrx_word' id='word_1_52' title='bbox 156 794 221 818; x_wconf 87' lang='lat' dir='ltr'><strong>nos</strong></span> <span class='ocrx_word' id='word_1_53' title='bbox 235 789 273 817; x_wconf 89' lang='lat' dir='ltr'><strong>et</strong></span> <span class='ocrx_word' id='word_1_54' title='bbox 289 794 360 816; x_wconf 87' lang='lat' dir='ltr'><strong>non</strong></span> <span class='ocrx_word' id='word_1_55' title='bbox 375 780 524 817; x_wconf 89' lang='lat' dir='ltr'><strong>idoneos</strong></span> <span class='ocrx_word' id='word_1_56' title='bbox 537 780 766 818; x_wconf 78' lang='lat' dir='ltr'><strong>transfertur.</strong></span> <span class='ocrx_word' id='word_1_57' title='bbox 807 781 1104 826; x_wconf 81' lang='lat' dir='ltr'><strong>Lacedaemonii,</strong></span> <span class='ocrx_word' id='word_1_58' title='bbox 1120 781 1240 819; x_wconf 85' lang='lat' dir='ltr'><strong>devic-</strong></span> 
     </span>
     <span class='ocr_line' id='line_1_9' title="bbox 155 843 1241 895; baseline 0 -14"><span class='ocrx_word' id='word_1_59' title='bbox 155 843 203 881; x_wconf 89' lang='lat' dir='ltr'><strong>tis</strong></span> <span class='ocrx_word' id='word_1_60' title='bbox 222 844 529 888; x_wconf 83' lang='lat' dir='ltr'><strong>Atheniensibus,</strong></span> <span class='ocrx_word' id='word_1_61' title='bbox 547 844 700 895; x_wconf 83' lang='lat' dir='ltr'><strong>triginta</strong></span> <span class='ocrx_word' id='word_1_62' title='bbox 715 845 808 882; x_wconf 87' lang='lat' dir='ltr'><strong>viros</strong></span> <span class='ocrx_word' id='word_1_63' title='bbox 827 845 1044 895; x_wconf 78' lang='lat' dir='ltr'><strong>imposuere,</strong></span> <span class='ocrx_word' id='word_1_64' title='bbox 1065 846 1127 895; x_wconf 90' lang='lat' dir='ltr'><strong>qui</strong></span> <span class='ocrx_word' id='word_1_65' title='bbox 1147 859 1241 882; x_wconf 87' lang='lat' dir='ltr'><strong>rem-</strong></span> 
     </span>
     <span class='ocr_line' id='line_1_10' title="bbox 159 907 1242 959; baseline 0.003 -16"><span class='ocrx_word' id='word_1_66' title='bbox 159 907 340 957; x_wconf 88' lang='lat' dir='ltr'><strong>publicam</strong></span> <span class='ocrx_word' id='word_1_67' title='bbox 354 921 478 944; x_wconf 85' lang='lat' dir='ltr'><strong>eorum</strong></span> <span class='ocrx_word' id='word_1_68' title='bbox 490 916 704 945; x_wconf 80' lang='lat' dir='ltr'><strong>tractarent.</strong></span> <span class='ocrx_word' id='word_1_69' title='bbox 749 908 805 945; x_wconf 86' lang='lat' dir='ltr'><strong>Hi</strong></span> <span class='ocrx_word' id='word_1_70' title='bbox 817 909 935 958; x_wconf 91' lang='lat' dir='ltr'><strong>primo</strong></span> <span class='ocrx_word' id='word_1_71' title='bbox 950 923 1102 959; x_wconf 88' lang='lat' dir='ltr'><strong>coepere</strong></span> <span class='ocrx_word' id='word_1_72' title='bbox 1117 923 1242 959; x_wconf 86' lang='lat' dir='ltr'><strong>pessu-</strong></span> 
     </span>
     <span class='ocr_line' id='line_1_11' title="bbox 158 968 1241 1020; baseline 0.003 -13"><span class='ocrx_word' id='word_1_73' title='bbox 158 985 256 1007; x_wconf 87' lang='lat' dir='ltr'><strong>mum</strong></span> <span class='ocrx_word' id='word_1_74' title='bbox 277 984 470 1020; x_wconf 84' lang='lat' dir='ltr'><strong>quemque,</strong></span> <span class='ocrx_word' id='word_1_75' title='bbox 490 980 528 1007; x_wconf 87' lang='lat' dir='ltr'><strong>et</strong></span> <span class='ocrx_word' id='word_1_76' title='bbox 547 972 714 1009; x_wconf 86' lang='lat' dir='ltr'><strong>omnibus</strong></span> <span class='ocrx_word' id='word_1_77' title='bbox 733 972 898 1016; x_wconf 83' lang='lat' dir='ltr'><strong>invisum,</strong></span> <span class='ocrx_word' id='word_1_78' title='bbox 918 968 1165 1009; x_wconf 79' lang='lat' dir='ltr'><strong>indemnatum</strong></span> <span class='ocrx_word' id='word_1_79' title='bbox 1176 986 1241 1010; x_wconf 87' lang='lat' dir='ltr'><strong>ne-</strong></span> 
     </span>
     <span class='ocr_line' id='line_1_12' title="bbox 157 1035 1242 1087; baseline 0.001 -14"><span class='ocrx_word' id='word_1_80' title='bbox 157 1050 258 1087; x_wconf 75' lang='lat' dir='ltr'><strong>care:</strong></span> <span class='ocrx_word' id='word_1_81' title='bbox 299 1049 340 1072; x_wconf 86' lang='lat' dir='ltr'><strong>ea</strong></span> <span class='ocrx_word' id='word_1_82' title='bbox 352 1035 510 1085; x_wconf 88' lang='lat' dir='ltr'><strong>populus</strong></span> <span class='ocrx_word' id='word_1_83' title='bbox 529 1035 654 1072; x_wconf 83' lang='lat' dir='ltr'><strong>laetari</strong></span> <span class='ocrx_word' id='word_1_84' title='bbox 673 1044 710 1072; x_wconf 82' lang='lat' dir='ltr'><strong>et</strong></span> <span class='ocrx_word' id='word_1_85' title='bbox 729 1036 858 1073; x_wconf 89' lang='lat' dir='ltr'><strong>merito</strong></span> <span class='ocrx_word' id='word_1_86' title='bbox 878 1037 996 1074; x_wconf 87' lang='lat' dir='ltr'><strong>dicere</strong></span> <span class='ocrx_word' id='word_1_87' title='bbox 1017 1037 1105 1074; x_wconf 81' lang='lat' dir='ltr'><strong>fieri.</strong></span> <span class='ocrx_word' id='word_1_88' title='bbox 1136 1037 1242 1082; x_wconf 90' lang='lat' dir='ltr'><strong>Post,</strong></span> 
     </span>
     <span class='ocr_line' id='line_1_13' title="bbox 160 1099 1243 1151; baseline 0.001 -14"><span class='ocrx_word' id='word_1_89' title='bbox 160 1101 223 1137; x_wconf 89' lang='lat' dir='ltr'><strong>ubi</strong></span> <span class='ocrx_word' id='word_1_90' title='bbox 252 1099 441 1150; x_wconf 84' lang='lat' dir='ltr'><strong>paullatim</strong></span> <span class='ocrx_word' id='word_1_91' title='bbox 471 1099 616 1136; x_wconf 88' lang='lat' dir='ltr'><strong>licentia</strong></span> <span class='ocrx_word' id='word_1_92' title='bbox 646 1100 771 1143; x_wconf 76' lang='lat' dir='ltr'><strong>crevit,</strong></span> <span class='ocrx_word' id='word_1_93' title='bbox 798 1103 904 1151; x_wconf 77' lang='lat' dir='ltr'><strong>juxta</strong></span> <span class='ocrx_word' id='word_1_94' title='bbox 931 1101 1048 1138; x_wconf 90' lang='lat' dir='ltr'><strong>bonos</strong></span> <span class='ocrx_word' id='word_1_95' title='bbox 1065 1109 1104 1147; x_wconf 86' lang='lat' dir='ltr'><strong>et</strong></span> <span class='ocrx_word' id='word_1_96' title='bbox 1127 1100 1243 1150; x_wconf 73' lang='lat' dir='ltr'><strong>mal-os</strong></span> 
     </span>
     <span class='ocr_line' id='line_1_14' title="bbox 160 1164 1246 1207; baseline 0 -6"><span class='ocrx_word' id='word_1_97' title='bbox 160 1164 364 1201; x_wconf 87' lang='lat' dir='ltr'><strong>lubidinose</strong></span> <span class='ocrx_word' id='word_1_98' title='bbox 384 1164 599 1207; x_wconf 85' lang='lat' dir='ltr'><strong>interficere,</strong></span> <span class='ocrx_word' id='word_1_99' title='bbox 623 1172 764 1200; x_wconf 85' lang='lat' dir='ltr'><strong>ceteros</strong></span> <span class='ocrx_word' id='word_1_100' title='bbox 783 1174 882 1201; x_wconf 89' lang='lat' dir='ltr'><strong>metu</strong></span> <span class='ocrx_word' id='word_1_101' title='bbox 907 1173 1054 1202; x_wconf 88' lang='lat' dir='ltr'><strong>terrere.</strong></span> <span class='ocrx_word' id='word_1_102' title='bbox 1113 1165 1174 1202; x_wconf 86' lang='lat' dir='ltr'><strong>Ita</strong></span> <span class='ocrx_word' id='word_1_103' title='bbox 1193 1164 1246 1201; x_wconf 90' lang='lat' dir='ltr'><strong>ci-</strong></span> 
     </span>
     <span class='ocr_line' id='line_1_15' title="bbox 163 1227 1245 1279; baseline 0 -14"><span class='ocrx_word' id='word_1_104' title='bbox 163 1229 267 1272; x_wconf 87' lang='lat' dir='ltr'><strong>vitas,</strong></span> <span class='ocrx_word' id='word_1_105' title='bbox 289 1228 460 1265; x_wconf 77' lang='lat' dir='ltr'><strong>servitute</strong></span> <span class='ocrx_word' id='word_1_106' title='bbox 480 1241 666 1277; x_wconf 89' lang='lat' dir='ltr'><strong>oppressa,</strong></span> <span class='ocrx_word' id='word_1_107' title='bbox 695 1227 827 1265; x_wconf 89' lang='lat' dir='ltr'><strong>stultae</strong></span> <span class='ocrx_word' id='word_1_108' title='bbox 847 1227 1004 1265; x_wconf 86' lang='lat' dir='ltr'><strong>laetitiae</strong></span> <span class='ocrx_word' id='word_1_109' title='bbox 1025 1228 1144 1279; x_wconf 84' lang='lat' dir='ltr'><strong>gravis</strong></span> <span class='ocrx_word' id='word_1_110' title='bbox 1155 1242 1245 1279; x_wconf 92' lang='lat' dir='ltr'><strong>poe-</strong></span> 
     </span>
     <span class='ocr_line' id='line_1_16' title="bbox 161 1291 1243 1335; baseline -0.001 -4"><span class='ocrx_word' id='word_1_111' title='bbox 161 1307 224 1331; x_wconf 83' lang='lat' dir='ltr'><strong>nas</strong></span> <span class='ocrx_word' id='word_1_112' title='bbox 243 1293 356 1330; x_wconf 85' lang='lat' dir='ltr'><strong>dedit.</strong></span> <span class='ocrx_word' id='word_1_113' title='bbox 416 1293 554 1330; x_wconf 84' lang='lat' dir='ltr'><strong>Nostra</strong></span> <span class='ocrx_word' id='word_1_114' title='bbox 573 1291 757 1335; x_wconf 73' lang='lat' dir='ltr'><strong>memmia,</strong></span> <span class='ocrx_word' id='word_1_115' title='bbox 787 1292 904 1328; x_wconf 88' lang='lat' dir='ltr'><strong>victor</strong></span> <span class='ocrx_word' id='word_1_116' title='bbox 925 1292 1026 1330; x_wconf 87' lang='lat' dir='ltr'><strong>Sulla</strong></span> <span class='ocrx_word' id='word_1_117' title='bbox 1045 1296 1130 1329; x_wconf 80' lang='lat' dir='ltr'><strong>cuin</strong></span> <span class='ocrx_word' id='word_1_118' title='bbox 1158 1293 1243 1330; x_wconf 90' lang='lat' dir='ltr'><strong>Da-</strong></span> 
     </span>
     <span class='ocr_line' id='line_1_17' title="bbox 162 1356 1245 1408; baseline -0.001 -13"><span class='ocrx_word' id='word_1_119' title='bbox 162 1359 365 1408; x_wconf 71' lang='lat' dir='ltr'><strong>masippum</strong></span> <span class='ocrx_word' id='word_1_120' title='bbox 384 1366 422 1394; x_wconf 90' lang='lat' dir='ltr'><strong>et</strong></span> <span class='ocrx_word' id='word_1_121' title='bbox 441 1356 529 1393; x_wconf 86' lang='lat' dir='ltr'><strong>alios</strong></span> <span class='ocrx_word' id='word_1_122' title='bbox 554 1356 774 1407; x_wconf 86' lang='lat' dir='ltr'><strong>hujusmodi,</strong></span> <span class='ocrx_word' id='word_1_123' title='bbox 806 1356 867 1405; x_wconf 88' lang='lat' dir='ltr'><strong>qui</strong></span> <span class='ocrx_word' id='word_1_124' title='bbox 899 1356 994 1393; x_wconf 85' lang='lat' dir='ltr'><strong>malo</strong></span> <span class='ocrx_word' id='word_1_125' title='bbox 1025 1356 1245 1406; x_wconf 84' lang='lat' dir='ltr'><strong>reipublicae</strong></span> 
     </span>
     <span class='ocr_line' id='line_1_18' title="bbox 162 1419 1246 1472; baseline -0.002 -13"><span class='ocrx_word' id='word_1_126' title='bbox 162 1432 362 1464; x_wconf 79' lang='lat' dir='ltr'><strong>creverant,</strong></span> <span class='ocrx_word' id='word_1_127' title='bbox 386 1420 548 1472; x_wconf 84' lang='lat' dir='ltr'><strong>jugulari</strong></span> <span class='ocrx_word' id='word_1_128' title='bbox 561 1420 684 1471; x_wconf 88' lang='lat' dir='ltr'><strong>jussit,</strong></span> <span class='ocrx_word' id='word_1_129' title='bbox 713 1420 792 1469; x_wconf 90' lang='lat' dir='ltr'><strong>quis</strong></span> <span class='ocrx_word' id='word_1_130' title='bbox 821 1434 892 1456; x_wconf 86' lang='lat' dir='ltr'><strong>non</strong></span> <span class='ocrx_word' id='word_1_131' title='bbox 913 1419 1054 1457; x_wconf 83' lang='lat' dir='ltr'><strong>factum</strong></span> <span class='ocrx_word' id='word_1_132' title='bbox 1072 1423 1150 1472; x_wconf 89' lang='lat' dir='ltr'><strong>ejus</strong></span> <span class='ocrx_word' id='word_1_133' title='bbox 1169 1419 1246 1457; x_wconf 90' lang='lat' dir='ltr'><strong>lau-</strong></span> 
     </span>
     <span class='ocr_line' id='line_1_19' title="bbox 163 1483 1298 1536; baseline -0.002 -13"><span class='ocrx_word' id='word_1_134' title='bbox 163 1486 302 1523; x_wconf 81' lang='lat' dir='ltr'><strong>dabat?</strong></span> <span class='ocrx_word' id='word_1_135' title='bbox 329 1484 492 1521; x_wconf 81' lang='lat' dir='ltr'><strong>homines</strong></span> <span class='ocrx_word' id='word_1_136' title='bbox 513 1483 698 1527; x_wconf 83' lang='lat' dir='ltr'><strong>scelestos,</strong></span> <span class='ocrx_word' id='word_1_137' title='bbox 719 1483 905 1528; x_wconf 76' lang='lat' dir='ltr'><strong>factiosos,</strong></span> <span class='ocrx_word' id='word_1_138' title='bbox 926 1484 989 1534; x_wconf 87' lang='lat' dir='ltr'><strong>qui</strong></span> <span class='ocrx_word' id='word_1_139' title='bbox 1008 1483 1246 1536; x_wconf 70' lang='lat' dir='ltr'><strong>seditionibus¹</strong></span> <span class='ocrx_word' id='word_1_140' title='bbox 1295 1505 1298 1507; x_wconf 90' lang='lat'><em>-</em></span> 
     </span>
     <span class='ocr_line' id='line_1_20' title="bbox 163 1548 1245 1600; baseline -0.002 -12"><span class='ocrx_word' id='word_1_141' title='bbox 163 1549 425 1600; x_wconf 71' lang='lat' dir='ltr'><strong>rempublicam</strong></span> <span class='ocrx_word' id='word_1_142' title='bbox 453 1548 740 1599; x_wconf 78' lang='lat' dir='ltr'><strong>exagitaverant,</strong></span> <span class='ocrx_word' id='word_1_143' title='bbox 770 1548 899 1585; x_wconf 88' lang='lat' dir='ltr'><strong>merito</strong></span> <span class='ocrx_word' id='word_1_144' title='bbox 920 1558 1068 1592; x_wconf 78' lang='lat' dir='ltr'><strong>necatos</strong></span> <span class='ocrx_word' id='word_1_145' title='bbox 1087 1549 1245 1586; x_wconf 71' lang='lat' dir='ltr'><strong>aiebant.</strong></span> 
     </span>
     <span class='ocr_line' id='line_1_21' title="bbox 167 1612 1247 1663; baseline -0.002 -10"><span class='ocrx_word' id='word_1_146' title='bbox 167 1615 241 1653; x_wconf 86' lang='lat' dir='ltr'><strong>Sed</strong></span> <span class='ocrx_word' id='word_1_147' title='bbox 271 1628 312 1651; x_wconf 81' lang='lat' dir='ltr'><strong>ea</strong></span> <span class='ocrx_word' id='word_1_148' title='bbox 340 1627 394 1650; x_wconf 75' lang='lat' dir='ltr'><strong>res</strong></span> <span class='ocrx_word' id='word_1_149' title='bbox 424 1625 576 1663; x_wconf 80' lang='lat' dir='ltr'><strong>magnae</strong></span> <span class='ocrx_word' id='word_1_150' title='bbox 605 1612 746 1649; x_wconf 83' lang='lat' dir='ltr'><strong>initium</strong></span> <span class='ocrx_word' id='word_1_151' title='bbox 773 1612 885 1649; x_wconf 90' lang='lat' dir='ltr'><strong>cladis</strong></span> <span class='ocrx_word' id='word_1_152' title='bbox 911 1612 994 1650; x_wconf 89' lang='lat' dir='ltr'><strong>fuit.</strong></span> <span class='ocrx_word' id='word_1_153' title='bbox 1053 1614 1164 1658; x_wconf 87' lang='lat' dir='ltr'><strong>Nam,</strong></span> <span class='ocrx_word' id='word_1_154' title='bbox 1192 1613 1247 1651; x_wconf 91' lang='lat' dir='ltr'><strong>uti</strong></span> 
     </span>
     <span class='ocr_line' id='line_1_22' title="bbox 165 1677 1249 1731; baseline -0.001 -14"><span class='ocrx_word' id='word_1_155' title='bbox 165 1681 317 1731; x_wconf 68' lang='lat' dir='ltr'><strong>quisque</strong></span> <span class='ocrx_word' id='word_1_156' title='bbox 344 1680 507 1721; x_wconf 74' lang='lat' dir='ltr'><strong>denium,</strong></span> <span class='ocrx_word' id='word_1_157' title='bbox 536 1687 600 1714; x_wconf 90' lang='lat' dir='ltr'><strong>aut</strong></span> <span class='ocrx_word' id='word_1_158' title='bbox 619 1677 752 1721; x_wconf 86' lang='lat' dir='ltr'><strong>villam,</strong></span> <span class='ocrx_word' id='word_1_159' title='bbox 780 1687 967 1727; x_wconf 87' lang='lat' dir='ltr'><strong>postremo</strong></span> <span class='ocrx_word' id='word_1_160' title='bbox 996 1687 1060 1715; x_wconf 88' lang='lat' dir='ltr'><strong>aut</strong></span> <span class='ocrx_word' id='word_1_161' title='bbox 1079 1693 1154 1723; x_wconf 89' lang='lat' dir='ltr'><strong>vas,</strong></span> <span class='ocrx_word' id='word_1_162' title='bbox 1183 1688 1249 1716; x_wconf 82' lang='lat' dir='ltr'><strong>aut</strong></span> 
     </span>
     <span class='ocr_line' id='line_1_23' title="bbox 164 1742 1248 1794; baseline -0.004 -11"><span class='ocrx_word' id='word_1_163' title='bbox 164 1746 419 1783; x_wconf 76' lang='lat' dir='ltr'><strong>vestimentum</strong></span> <span class='ocrx_word' id='word_1_164' title='bbox 433 1743 582 1794; x_wconf 82' lang='lat' dir='ltr'><strong>alicujus</strong></span> <span class='ocrx_word' id='word_1_165' title='bbox 597 1742 869 1792; x_wconf 83' lang='lat' dir='ltr'><strong>concupiverat,</strong></span> <span class='ocrx_word' id='word_1_166' title='bbox 889 1743 999 1780; x_wconf 87' lang='lat' dir='ltr'><strong>dabat</strong></span> <span class='ocrx_word' id='word_1_167' title='bbox 1014 1757 1177 1793; x_wconf 85' lang='lat' dir='ltr'><strong>operam,</strong></span> <span class='ocrx_word' id='word_1_168' title='bbox 1192 1742 1248 1779; x_wconf 86' lang='lat' dir='ltr'><strong>uti</strong></span> 
     </span>
     <span class='ocr_line' id='line_1_24' title="bbox 165 1807 1250 1860; baseline -0.006 -12"><span class='ocrx_word' id='word_1_169' title='bbox 165 1812 201 1848; x_wconf 89' lang='lat' dir='ltr'><strong>in</strong></span> <span class='ocrx_word' id='word_1_170' title='bbox 221 1809 510 1860; x_wconf 77' lang='lat' dir='ltr'><strong>proscriptorum</strong></span> <span class='ocrx_word' id='word_1_171' title='bbox 526 1821 675 1843; x_wconf 87' lang='lat' dir='ltr'><strong>numero</strong></span> <span class='ocrx_word' id='word_1_172' title='bbox 695 1815 801 1843; x_wconf 80' lang='lat' dir='ltr'><strong>esset.</strong></span> <span class='ocrx_word' id='word_1_173' title='bbox 861 1807 935 1850; x_wconf 80' lang='lat' dir='ltr'><strong>Ita,</strong></span> <span class='ocrx_word' id='word_1_174' title='bbox 955 1807 1088 1857; x_wconf 89' lang='lat' dir='ltr'><strong>quibus</strong></span> <span class='ocrx_word' id='word_1_175' title='bbox 1108 1807 1250 1845; x_wconf 70' lang='lat' dir='ltr'><strong>Dama-</strong></span> 
     </span>
     <span class='ocr_line' id='line_1_25' title="bbox 168 1870 1251 1924; baseline -0.004 -13"><span class='ocrx_word' id='word_1_176' title='bbox 168 1874 261 1924; x_wconf 84' lang='lat' dir='ltr'><strong>sippi</strong></span> <span class='ocrx_word' id='word_1_177' title='bbox 281 1887 376 1910; x_wconf 83' lang='lat' dir='ltr'><strong>mors</strong></span> <span class='ocrx_word' id='word_1_178' title='bbox 395 1871 553 1908; x_wconf 80' lang='lat' dir='ltr'><strong>laetitiae</strong></span> <span class='ocrx_word' id='word_1_179' title='bbox 568 1870 701 1913; x_wconf 84' lang='lat' dir='ltr'><strong>fuerat,</strong></span> <span class='ocrx_word' id='word_1_180' title='bbox 722 1880 807 1920; x_wconf 84' lang='lat' dir='ltr'><strong>post</strong></span> <span class='ocrx_word' id='word_1_181' title='bbox 826 1870 948 1920; x_wconf 81' lang='lat' dir='ltr'><strong>paullo</strong></span> <span class='ocrx_word' id='word_1_182' title='bbox 968 1871 1036 1922; x_wconf 83' lang='lat' dir='ltr'><strong>ipsi</strong></span> <span class='ocrx_word' id='word_1_183' title='bbox 1056 1871 1251 1909; x_wconf 82' lang='lat' dir='ltr'><strong>traheban-</strong></span> 
     </span>
     <span class='ocr_line' id='line_1_26' title="bbox 167 1934 1250 1987; baseline -0.003 -11"><span class='ocrx_word' id='word_1_184' title='bbox 167 1949 257 1984; x_wconf 78' lang='lat' dir='ltr'><strong>tur3</strong></span> <span class='ocrx_word' id='word_1_185' title='bbox 287 1951 402 1987; x_wconf 80' lang='lat' dir='ltr'><strong>neque</strong></span> <span class='ocrx_word' id='word_1_186' title='bbox 431 1937 530 1986; x_wconf 77' lang='lat' dir='ltr'><strong>prius</strong></span> <span class='ocrx_word' id='word_1_187' title='bbox 559 1934 638 1972; x_wconf 85' lang='lat' dir='ltr'><strong>finis</strong></span> <span class='ocrx_word' id='word_1_188' title='bbox 666 1935 859 1987; x_wconf 87' lang='lat' dir='ltr'><strong>jugulandi</strong></span> <span class='ocrx_word' id='word_1_189' title='bbox 887 1936 973 1980; x_wconf 84' lang='lat' dir='ltr'><strong>fuit,</strong></span> <span class='ocrx_word' id='word_1_190' title='bbox 1007 1950 1116 1986; x_wconf 82' lang='lat' dir='ltr'><strong>quam</strong></span> <span class='ocrx_word' id='word_1_191' title='bbox 1147 1935 1250 1974; x_wconf 82' lang='lat' dir='ltr'><strong>Sulla</strong></span> 
     </span>
     <span class='ocr_line' id='line_1_27' title="bbox 168 1999 1250 2052; baseline -0.004 -12"><span class='ocrx_word' id='word_1_192' title='bbox 168 2003 284 2040; x_wconf 80' lang='lat' dir='ltr'><strong>omnis</strong></span> <span class='ocrx_word' id='word_1_193' title='bbox 313 2015 396 2039; x_wconf 86' lang='lat' dir='ltr'><strong>suos</strong></span> <span class='ocrx_word' id='word_1_194' title='bbox 425 2000 556 2037; x_wconf 74' lang='lat' dir='ltr'><strong>divitiis</strong></span> <span class='ocrx_word' id='word_1_195' title='bbox 584 1999 755 2049; x_wconf 75' lang='lat' dir='ltr'><strong>explevit.</strong></span> <span class='ocrx_word' id='word_1_196' title='bbox 813 2000 947 2050; x_wconf 87' lang='lat' dir='ltr'><strong>Atque</strong></span> <span class='ocrx_word' id='word_1_197' title='bbox 966 2014 1037 2052; x_wconf 89' lang='lat' dir='ltr'><strong>ego</strong></span> <span class='ocrx_word' id='word_1_198' title='bbox 1056 2000 1148 2037; x_wconf 87' lang='lat' dir='ltr'><strong>haec</strong></span> <span class='ocrx_word' id='word_1_199' title='bbox 1177 2014 1250 2037; x_wconf 90' lang='lat' dir='ltr'><strong>non</strong></span> 
     </span>
     <span class='ocr_line' id='line_1_28' title="bbox 168 2060 1250 2115; baseline -0.004 -8"><span class='ocrx_word' id='word_1_200' title='bbox 168 2070 205 2106; x_wconf 86' lang='lat' dir='ltr'><strong>in</strong></span> <span class='ocrx_word' id='word_1_201' title='bbox 226 2068 285 2106; x_wconf 80' lang='grc' dir='ltr'><strong>Μ.</strong></span> <span class='ocrx_word' id='word_1_202' title='bbox 307 2066 450 2110; x_wconf 86' lang='lat' dir='ltr'><strong>Tullio,</strong></span> <span class='ocrx_word' id='word_1_203' title='bbox 479 2079 595 2115; x_wconf 88' lang='lat' dir='ltr'><strong>neque</strong></span> <span class='ocrx_word' id='word_1_204' title='bbox 615 2065 670 2102; x_wconf 81' lang='lat' dir='ltr'><strong>his</strong></span> <span class='ocrx_word' id='word_1_205' title='bbox 689 2060 930 2114; x_wconf 84' lang='lat' dir='ltr'><strong>temporibus,</strong></span> <span class='ocrx_word' id='word_1_206' title='bbox 952 2079 1076 2102; x_wconf 88' lang='lat' dir='ltr'><strong>vereor</strong></span> <span class='ocrx_word' id='word_1_207' title='bbox 1093 2080 1102 2103; x_wconf 73' lang='grc' dir='ltr'><strong><em>ε</em></strong></span> <span class='ocrx_word' id='word_1_208' title='bbox 1133 2065 1195 2102; x_wconf 87' lang='lat' dir='ltr'><strong>sed</strong></span> <span class='ocrx_word' id='word_1_209' title='bbox 1214 2065 1250 2104; x_wconf 88' lang='lat' dir='ltr'><strong>in</strong></span> 
     </span>
     <span class='ocr_line' id='line_1_29' title="bbox 172 2128 1253 2185; baseline -0.005 -14"><span class='ocrx_word' id='word_1_210' title='bbox 172 2147 308 2185; x_wconf 79' lang='lat' dir='ltr'><strong>magna</strong></span> <span class='ocrx_word' id='word_1_211' title='bbox 327 2131 472 2170; x_wconf 62' lang='lat' dir='ltr'><strong>civitate</strong></span> <span class='ocrx_word' id='word_1_212' title='bbox 493 2128 608 2166; x_wconf 81' lang='lat' dir='ltr'><strong>multa</strong></span> <span class='ocrx_word' id='word_1_213' title='bbox 626 2139 664 2167; x_wconf 85' lang='lat' dir='ltr'><strong>et</strong></span> <span class='ocrx_word' id='word_1_214' title='bbox 679 2129 773 2166; x_wconf 76' lang='lat' dir='ltr'><strong>varia</strong></span> <span class='ocrx_word' id='word_1_215' title='bbox 791 2129 934 2180; x_wconf 86' lang='lat' dir='ltr'><strong>ingenia</strong></span> <span class='ocrx_word' id='word_1_216' title='bbox 967 2138 1063 2167; x_wconf 87' lang='lat' dir='ltr'><strong>sunt.</strong></span> <span class='ocrx_word' id='word_1_217' title='bbox 1122 2130 1253 2183; x_wconf 62' lang='lat' dir='ltr'><strong>PotestT</strong></span> 
     </span>
    </p>
   </div>
  </div>
 </body>
</html>
