1451 2719
331 305 649 368 SALLUST'H
679 329 985 371 cAT1L1NA.
1155 336 1199 373 17

119 439 254 492 gratia,
273 441 454 490 potentia,
474 441 604 487 honos,
624 443 769 481 divitiae
788 445 887 495 apud
905 443 986 480 illos
1007 451 1104 487 sunt,
1133 453 1195 479 aut

121 504 186 543 ubi
213 503 264 542 illi
292 504 446 544 volunt:
477 508 637 558 repulsas
667 510 769 546 nobis
798 509 987 559 reliquere,
1020 506 1194 558 pericula,

115 568 268 621 judicia,
298 579 511 621 egestatem.
576 575 682 623 Quae
701 587 892 625 quousque
912 574 1058 611 tandem
1079 572 1196 623 patie-

121 632 221 678 mini,
251 631 451 672 fortissumi
481 636 544 672 viri
562 637 575 674 ἓ
631 638 762 675 Nonne
789 639 901 675 emori
930 652 995 688 per
1023 637 1194 673 virtutem

118 706 294 747 praestat,
327 712 436 750 quam
471 701 580 738 vitam
612 702 776 739 miseram
809 711 920 752 atque
952 702 1192 744 inhonestam,

118 762 183 800 ubi
201 762 335 802 alienae
354 765 542 815 superbiae
560 765 717 804 ludibrio
745 765 869 811 fueris,
898 781 963 816 per
980 765 1138 803 dedecus
1156 779 1195 802 a·

118 826 264 866 mittere
281 829 294 866 .)
349 829 488 866 Verum
507 830 602 871 enim
617 845 714 875 vero,
734 845 801 881 pro
821 831 928 868 deum
947 840 1058 881 atque
1077 829 1194 866 homi-

117 905 204 930 num
233 893 344 931 fidem
360 897 369 931 Ξ
402 895 552 932 victoria
579 896 683 933 nobis
715 896 750 932 in
784 909 890 933 manu
909 910 918 933 :
953 895 1053 946 viget
1081 904 1193 938 aetas,

117 957 257 995 animus
277 957 396 1004 valet3
416 968 544 997 contra
559 959 641 1004 illis,
661 960 761 996 annis
779 970 890 1010 atque
911 960 1057 1003 divitiis,
1073 959 1192 996 omnia

117 1031 397 1059 consenuerunt.
467 1023 632 1060 Tantum
665 1023 774 1061 modo
802 1024 950 1074 incepto
983 1037 1076 1073 opus
1109 1032 1162 1060 est
1181 1038 1189 1060 :

116 1096 239 1123 cetera
266 1100 322 1124 res
349 1087 532 1137 expediet.
596 1087 745 1127 Etenim
771 1088 851 1137 quis
884 1087 1104 1131 mortalium,
1133 1087 1192 1124 cui

118 1149 218 1187 virile
231 1150 432 1202 ingenium,
447 1150 600 1188 tolerare
613 1160 751 1200 potest,
771 1151 839 1188 iuis
854 1152 996 1188 divitias
1012 1165 1192 1201 superare,

115 1227 208 1264 quas
227 1213 452 1264 profundant
471 1214 506 1250 in
521 1215 742 1251 exstruendo
764 1215 850 1251 mari
869 1225 907 1252 et
927 1216 1111 1252 montibus
1131 1229 1193 1252 co-

115 1278 313 1329 aequandis
331 1293 342 1324 ;
371 1278 475 1315 nobis
490 1292 564 1316 rem
578 1277 790 1316 familiarem
804 1280 914 1316 etiam
932 1279 977 1316 ad
999 1279 1193 1316 necessaria

115 1345 240 1383 deesse
257 1347 270 1384 ἓ
297 1344 377 1382 illos
396 1345 511 1389 binas,
530 1355 595 1383 aut
613 1345 782 1395 amplius,
805 1347 933 1383 domos
953 1346 1163 1383 continuare
1181 1361 1191 1390 ;

116 1410 223 1448 nobis
251 1409 362 1447 larem
379 1408 590 1447 familiarem
610 1423 788 1461 nusquam
807 1409 922 1446 ullum
940 1424 1015 1447 esse
1033 1411 1045 1447 ?
1097 1410 1193 1447 Cum

116 1474 273 1519 tabulas,
293 1475 409 1526 signa,
428 1484 633 1512 toreumata
651 1483 776 1512 emunt
792 1490 802 1519 ;
833 1487 925 1511 nova
943 1474 1107 1518 diruunt,
1127 1473 1194 1511 alia

114 1539 338 1584 aedificant;
366 1547 553 1590 postremo
581 1539 748 1576 omnibus
768 1540 884 1576 modis
911 1540 1102 1589 pecuniam
1121 1548 1194 1576 tra-

116 1603 225 1648 hunt,
245 1612 378 1641 vexant
395 1618 404 1641 :
430 1612 550 1641 tamen
566 1617 705 1640 summa
724 1602 872 1640 libidine
891 1603 1033 1640 divitias
1053 1603 1194 1640 vincere

115 1676 316 1718 nequeunt.
373 1667 434 1705 At
449 1667 552 1704 nobis
567 1667 666 1704 domi
680 1667 814 1718 inopia,
835 1667 922 1704 foris
936 1681 994 1704 aes
1008 1667 1162 1704 alienum
1182 1682 1192 1711 ;

117 1730 210 1770 mala
229 1745 298 1777 res,
318 1745 400 1782 spes
415 1731 533 1769 multo
551 1732 711 1782 asperior
727 1747 737 1769 ε
767 1732 936 1783 denique,
957 1732 1046 1782 quid
1065 1730 1194 1781 reliqui

114 1797 291 1835 habemus
317 1806 464 1848 praeter
495 1797 659 1834 miseram
691 1797 844 1833 animam
863 1797 875 1835 ἓ
944 1796 1045 1846 Quin
1077 1796 1193 1846 igitur

115 1862 411 1914 expergiscimini
433 1863 446 1900 ?
492 1861 552 1900 En
572 1861 645 1906 illa,
676 1861 750 1905 illa,
771 1874 880 1911 quam
900 1874 1005 1911 saepe
1023 1860 1194 1910 optastis,

116 1926 278 1972 libertas,
310 1936 497 1978 praeterea
524 1926 684 1970 divitiae,
713 1926 837 1969 decus,
865 1924 995 1977 gloria,
1023 1925 1059 1961 iu
1079 1924 1194 1962 oculis

118 1991 188 2029 sita
206 2000 291 2029 sunt
309 1994 317 2029 !
350 1990 500 2029 fortuna
518 1991 640 2028 omnia
658 1990 859 2028 victoribus
878 1989 1035 2040 praemia
1054 1989 1191 2038 posuit.

119 2056 211 2101 Res,
230 2065 389 2107 tempus,
403 2054 577 2107 pericula,
593 2063 749 2106 egestas,
768 2053 854 2092 belli
873 2053 988 2104 spolia
1002 2053 1195 2104 magnifica

118 2120 248 2172 magis,
268 2134 377 2170 qua-n
396 2119 528 2164 oratio,
547 2119 754 2156 hortentur.
803 2117 875 2155 Vel
893 2118 1124 2168 imperatore,
1139 2115 1194 2153 vel

118 2183 233 2233 milite
260 2199 318 2224 me
345 2185 515 2224 utimini:
544 2197 662 2234 neque
689 2183 841 2229 animus,
871 2196 989 2232 neque
1016 2193 1148 2231 corpus
1175 2194 1196 2218 a

649 2243 682 2286 C
