<?xml version="1.0" encoding="UTF-8"?>
<!DOCTYPE html PUBLIC "-//W3C//DTD XHTML 1.0 Transitional//EN"
    "http://www.w3.org/TR/xhtml1/DTD/xhtml1-transitional.dtd">
<html xmlns="http://www.w3.org/1999/xhtml" xml:lang="en" lang="en">
 <head>
  <title>
</title>
<meta http-equiv="Content-Type" content="text/html;charset=utf-8" />
  <meta name='ocr-system' content='tesseract 3.04.00' />
  <meta name='ocr-capabilities' content='ocr_page ocr_carea ocr_par ocr_line ocrx_word'/>
</head>
<body>
  <div class='ocr_page' id='page_1' title='image "./quaesupersuntope00salluoft_0099.png"; bbox 0 0 1451 2719; ppageno 0'>
   <div class='ocr_carea' id='block_1_1' title="bbox 333 300 1218 346">
    <p class='ocr_par' dir='ltr' id='par_1_1' title="bbox 333 300 1218 346">
     <span class='ocr_line' id='line_1_1' title="bbox 333 300 1218 346; baseline 0.002 -4"><span class='ocrx_word' id='word_1_1' title='bbox 333 303 645 343; x_wconf 90' lang='lat' dir='ltr'>SALLUSTII</span> <span class='ocrx_word' id='word_1_2' title='bbox 675 300 1015 343; x_wconf 87' lang='lat' dir='ltr'>JUGURTHA.</span> <span class='ocrx_word' id='word_1_3' title='bbox 1154 306 1218 346; x_wconf 87' lang='grc'>87·</span> 
     </span>
    </p>
   </div>
   <div class='ocr_carea' id='block_1_2' title="bbox 129 414 1206 1476">
    <p class='ocr_par' dir='ltr' id='par_1_2' title="bbox 129 414 1206 1476">
     <span class='ocr_line' id='line_1_2' title="bbox 135 414 1204 466; baseline -0.001 -13"><span class='ocrx_word' id='word_1_4' title='bbox 135 415 389 453; x_wconf 70' lang='lat' dir='ltr'>auctoritatem</span> <span class='ocrx_word' id='word_1_5' title='bbox 411 415 550 454; x_wconf 87' lang='lat' dir='ltr'>Romae</span> <span class='ocrx_word' id='word_1_6' title='bbox 571 416 703 466; x_wconf 80' lang='lat' dir='ltr'>pollere</span> <span class='ocrx_word' id='word_1_7' title='bbox 719 415 916 459; x_wconf 86' lang='lat' dir='ltr'>audiverat,</span> <span class='ocrx_word' id='word_1_8' title='bbox 935 423 1063 452; x_wconf 87' lang='lat' dir='ltr'>contra</span> <span class='ocrx_word' id='word_1_9' title='bbox 1083 414 1204 465; x_wconf 86' lang='lat' dir='ltr'>incep-</span> 
     </span>
     <span class='ocr_line' id='line_1_3' title="bbox 134 480 1204 530; baseline -0.003 -13"><span class='ocrx_word' id='word_1_10' title='bbox 134 489 213 517; x_wconf 84' lang='lat' dir='ltr'>tum</span> <span class='ocrx_word' id='word_1_11' title='bbox 243 493 345 516; x_wconf 81' lang='lat' dir='ltr'>suum</span> <span class='ocrx_word' id='word_1_12' title='bbox 375 480 536 525; x_wconf 86' lang='lat' dir='ltr'>venisse;</span> <span class='ocrx_word' id='word_1_13' title='bbox 566 481 681 530; x_wconf 90' lang='lat' dir='ltr'>primo</span> <span class='ocrx_word' id='word_1_14' title='bbox 715 488 934 523; x_wconf 83' lang='lat' dir='ltr'>commotus,</span> <span class='ocrx_word' id='word_1_15' title='bbox 966 487 1064 516; x_wconf 87' lang='lat' dir='ltr'>metu</span> <span class='ocrx_word' id='word_1_16' title='bbox 1095 487 1204 528; x_wconf 84' lang='lat' dir='ltr'>atque</span> 
     </span>
     <span class='ocr_line' id='line_1_4' title="bbox 136 542 1203 595; baseline -0.002 -15"><span class='ocrx_word' id='word_1_17' title='bbox 136 542 296 580; x_wconf 84' lang='lat' dir='ltr'>lubidine</span> <span class='ocrx_word' id='word_1_18' title='bbox 319 542 480 580; x_wconf 85' lang='lat' dir='ltr'>divorsus</span> <span class='ocrx_word' id='word_1_19' title='bbox 502 545 721 595; x_wconf 79' lang='lat' dir='ltr'>agitabatur.</span> <span class='ocrx_word' id='word_1_20' title='bbox 791 544 963 581; x_wconf 75' lang='lat' dir='ltr'>Timebat</span> <span class='ocrx_word' id='word_1_21' title='bbox 985 543 1070 579; x_wconf 91' lang='lat' dir='ltr'>iram</span> <span class='ocrx_word' id='word_1_22' title='bbox 1091 543 1203 579; x_wconf 83' lang='lat' dir='ltr'>senati</span> 
     </span>
     <span class='ocr_line' id='line_1_5' title="bbox 139 607 1204 658; baseline 0.001 -15"><span class='ocrx_word' id='word_1_23' title='bbox 139 607 200 658; x_wconf 87' lang='lat' dir='ltr'>[ni</span> <span class='ocrx_word' id='word_1_24' title='bbox 215 607 390 657; x_wconf 63' lang='lat' dir='ltr'>paruisset</span> <span class='ocrx_word' id='word_1_25' title='bbox 406 607 575 658; x_wconf 85' lang='lat' dir='ltr'>legatis]:</span> <span class='ocrx_word' id='word_1_26' title='bbox 595 615 702 658; x_wconf 75' lang='lat' dir='ltr'>porro</span> <span class='ocrx_word' id='word_1_27' title='bbox 714 608 864 651; x_wconf 87' lang='lat' dir='ltr'>animus,</span> <span class='ocrx_word' id='word_1_28' title='bbox 879 607 1047 656; x_wconf 91' lang='lat' dir='ltr'>cupidine</span> <span class='ocrx_word' id='word_1_29' title='bbox 1062 620 1204 651; x_wconf 87' lang='lat' dir='ltr'>caecus,</span> 
     </span>
     <span class='ocr_line' id='line_1_6' title="bbox 132 671 1203 722; baseline 0 -15"><span class='ocrx_word' id='word_1_30' title='bbox 132 671 178 708; x_wconf 83' lang='lat' dir='ltr'>ad</span> <span class='ocrx_word' id='word_1_31' title='bbox 196 671 382 721; x_wconf 87' lang='lat' dir='ltr'>inceptum</span> <span class='ocrx_word' id='word_1_32' title='bbox 406 671 520 708; x_wconf 87' lang='lat' dir='ltr'>scelus</span> <span class='ocrx_word' id='word_1_33' title='bbox 547 673 720 722; x_wconf 85' lang='lat' dir='ltr'>rapiebat.</span> <span class='ocrx_word' id='word_1_34' title='bbox 778 671 879 708; x_wconf 90' lang='lat' dir='ltr'>Vicit</span> <span class='ocrx_word' id='word_1_35' title='bbox 897 681 1016 708; x_wconf 89' lang='lat' dir='ltr'>tamen</span> <span class='ocrx_word' id='word_1_36' title='bbox 1036 671 1070 707; x_wconf 92' lang='lat' dir='ltr'>in</span> <span class='ocrx_word' id='word_1_37' title='bbox 1098 671 1203 707; x_wconf 87' lang='lat' dir='ltr'>avido</span> 
     </span>
     <span class='ocr_line' id='line_1_7' title="bbox 134 734 1206 786; baseline -0.001 -15"><span class='ocrx_word' id='word_1_38' title='bbox 134 734 283 786; x_wconf 83' lang='lat' dir='ltr'>ingenio</span> <span class='ocrx_word' id='word_1_39' title='bbox 303 747 452 783; x_wconf 87' lang='lat' dir='ltr'>pravum</span> <span class='ocrx_word' id='word_1_40' title='bbox 468 735 666 772; x_wconf 83' lang='lat' dir='ltr'>consilium.</span> <span class='ocrx_word' id='word_1_41' title='bbox 718 735 852 785; x_wconf 83' lang='lat' dir='ltr'>Igitur,</span> <span class='ocrx_word' id='word_1_42' title='bbox 873 734 1033 772; x_wconf 88' lang='lat' dir='ltr'>exercitu</span> <span class='ocrx_word' id='word_1_43' title='bbox 1052 735 1206 771; x_wconf 83' lang='lat' dir='ltr'>circum-</span> 
     </span>
     <span class='ocr_line' id='line_1_8' title="bbox 131 798 1205 848; baseline -0.002 -12"><span class='ocrx_word' id='word_1_44' title='bbox 131 799 233 843; x_wconf 80' lang='lat' dir='ltr'>dato,</span> <span class='ocrx_word' id='word_1_45' title='bbox 264 812 399 836; x_wconf 78' lang='lat' dir='ltr'>summa</span> <span class='ocrx_word' id='word_1_46' title='bbox 432 800 462 835; x_wconf 86' lang='lat' dir='ltr'>vi</span> <span class='ocrx_word' id='word_1_47' title='bbox 494 800 634 837; x_wconf 84' lang='lat' dir='ltr'>Cirtam</span> <span class='ocrx_word' id='word_1_48' title='bbox 654 799 850 848; x_wconf 86' lang='lat' dir='ltr'>irrumpere</span> <span class='ocrx_word' id='word_1_49' title='bbox 870 798 1010 842; x_wconf 89' lang='lat' dir='ltr'>nititur,</span> <span class='ocrx_word' id='word_1_50' title='bbox 1039 812 1205 835; x_wconf 75' lang='lat' dir='ltr'>maxiune</span> 
     </span>
     <span class='ocr_line' id='line_1_9' title="bbox 132 862 1204 911; baseline 0.001 -13"><span class='ocrx_word' id='word_1_51' title='bbox 132 875 291 911; x_wconf 74' lang='lat' dir='ltr'>sperans,</span> <span class='ocrx_word' id='word_1_52' title='bbox 311 864 461 900; x_wconf 85' lang='lat' dir='ltr'>diducta</span> <span class='ocrx_word' id='word_1_53' title='bbox 481 877 585 900; x_wconf 86' lang='lat' dir='ltr'>manu</span> <span class='ocrx_word' id='word_1_54' title='bbox 607 863 781 907; x_wconf 87' lang='lat' dir='ltr'>hostium,</span> <span class='ocrx_word' id='word_1_55' title='bbox 801 871 862 899; x_wconf 88' lang='lat' dir='ltr'>aut</span> <span class='ocrx_word' id='word_1_56' title='bbox 883 862 916 898; x_wconf 90' lang='lat' dir='ltr'>vi</span> <span class='ocrx_word' id='word_1_57' title='bbox 935 872 997 899; x_wconf 90' lang='lat' dir='ltr'>aut</span> <span class='ocrx_word' id='word_1_58' title='bbox 1018 862 1109 899; x_wconf 80' lang='lat' dir='ltr'>dolis</span> <span class='ocrx_word' id='word_1_59' title='bbox 1129 877 1204 899; x_wconf 85' lang='lat' dir='ltr'>sese</span> 
     </span>
     <span class='ocr_line' id='line_1_10' title="bbox 131 927 1202 977; baseline 0.001 -14"><span class='ocrx_word' id='word_1_60' title='bbox 131 940 252 963; x_wconf 88' lang='lat' dir='ltr'>casum</span> <span class='ocrx_word' id='word_1_61' title='bbox 273 928 442 965; x_wconf 86' lang='lat' dir='ltr'>victoriae</span> <span class='ocrx_word' id='word_1_62' title='bbox 473 929 713 965; x_wconf 85' lang='lat' dir='ltr'>inventurum.</span> <span class='ocrx_word' id='word_1_63' title='bbox 771 928 885 977; x_wconf 82' lang='lat' dir='ltr'>Quod</span> <span class='ocrx_word' id='word_1_64' title='bbox 911 927 971 964; x_wconf 90' lang='lat' dir='ltr'>ubi</span> <span class='ocrx_word' id='word_1_65' title='bbox 993 942 1095 965; x_wconf 90' lang='lat' dir='ltr'>secus</span> <span class='ocrx_word' id='word_1_66' title='bbox 1120 942 1202 977; x_wconf 90' lang='lat' dir='ltr'>pro-</span> 
     </span>
     <span class='ocr_line' id='line_1_11' title="bbox 130 991 1202 1042; baseline 0.002 -15"><span class='ocrx_word' id='word_1_67' title='bbox 130 991 242 1035; x_wconf 87' lang='lat' dir='ltr'>cedit,</span> <span class='ocrx_word' id='word_1_68' title='bbox 283 1006 397 1041; x_wconf 90' lang='lat' dir='ltr'>neque</span> <span class='ocrx_word' id='word_1_69' title='bbox 431 993 530 1042; x_wconf 90' lang='lat' dir='ltr'>quod</span> <span class='ocrx_word' id='word_1_70' title='bbox 562 992 763 1029; x_wconf 80' lang='lat' dir='ltr'>intenderat</span> <span class='ocrx_word' id='word_1_71' title='bbox 796 992 936 1029; x_wconf 89' lang='lat' dir='ltr'>efficere</span> <span class='ocrx_word' id='word_1_72' title='bbox 974 1002 1110 1042; x_wconf 84' lang='lat' dir='ltr'>potest,</span> <span class='ocrx_word' id='word_1_73' title='bbox 1150 994 1202 1029; x_wconf 89' lang='lat' dir='ltr'>uti</span> 
     </span>
     <span class='ocr_line' id='line_1_12' title="bbox 130 1054 1204 1107; baseline 0.003 -16"><span class='ocrx_word' id='word_1_74' title='bbox 130 1054 242 1104; x_wconf 80' lang='lat' dir='ltr'>prius,</span> <span class='ocrx_word' id='word_1_75' title='bbox 273 1069 381 1105; x_wconf 83' lang='lat' dir='ltr'>quam</span> <span class='ocrx_word' id='word_1_76' title='bbox 406 1055 546 1107; x_wconf 88' lang='lat' dir='ltr'>legatos</span> <span class='ocrx_word' id='word_1_77' title='bbox 572 1056 790 1099; x_wconf 88' lang='lat' dir='ltr'>conveniret,</span> <span class='ocrx_word' id='word_1_78' title='bbox 822 1056 1047 1094; x_wconf 77' lang='lat' dir='ltr'>Adherbalis</span> <span class='ocrx_word' id='word_1_79' title='bbox 1067 1057 1204 1106; x_wconf 85' lang='lat' dir='ltr'>potire-</span> 
     </span>
     <span class='ocr_line' id='line_1_13' title="bbox 129 1119 1202 1169; baseline 0.003 -15"><span class='ocrx_word' id='word_1_80' title='bbox 129 1126 214 1163; x_wconf 91' lang='lat' dir='ltr'>tur;</span> <span class='ocrx_word' id='word_1_81' title='bbox 243 1132 287 1156; x_wconf 90' lang='lat' dir='ltr'>ne</span> <span class='ocrx_word' id='word_1_82' title='bbox 301 1119 453 1169; x_wconf 89' lang='lat' dir='ltr'>amplius</span> <span class='ocrx_word' id='word_1_83' title='bbox 474 1119 646 1156; x_wconf 84' lang='lat' dir='ltr'>morando</span> <span class='ocrx_word' id='word_1_84' title='bbox 669 1120 856 1162; x_wconf 79' lang='lat' dir='ltr'>Scaurum,</span> <span class='ocrx_word' id='word_1_85' title='bbox 883 1134 989 1168; x_wconf 88' lang='lat' dir='ltr'>quem</span> <span class='ocrx_word' id='word_1_86' title='bbox 1009 1120 1202 1169; x_wconf 89' lang='lat' dir='ltr'>plurimum</span> 
     </span>
     <span class='ocr_line' id='line_1_14' title="bbox 129 1183 1199 1233; baseline 0.003 -15"><span class='ocrx_word' id='word_1_87' title='bbox 129 1183 328 1227; x_wconf 85' lang='lat' dir='ltr'>metuebat,</span> <span class='ocrx_word' id='word_1_88' title='bbox 372 1183 592 1226; x_wconf 83' lang='lat' dir='ltr'>incenderet,</span> <span class='ocrx_word' id='word_1_89' title='bbox 641 1196 723 1219; x_wconf 90' lang='lat' dir='ltr'>cum</span> <span class='ocrx_word' id='word_1_90' title='bbox 771 1183 895 1232; x_wconf 87' lang='lat' dir='ltr'>paucis</span> <span class='ocrx_word' id='word_1_91' title='bbox 938 1184 1119 1233; x_wconf 85' lang='lat' dir='ltr'>equitibus</span> <span class='ocrx_word' id='word_1_92' title='bbox 1164 1185 1199 1221; x_wconf 89' lang='lat' dir='ltr'>in</span> 
     </span>
     <span class='ocr_line' id='line_1_15' title="bbox 129 1244 1204 1296; baseline 0.002 -13"><span class='ocrx_word' id='word_1_93' title='bbox 129 1247 351 1296; x_wconf 85' lang='lat' dir='ltr'>provinciam</span> <span class='ocrx_word' id='word_1_94' title='bbox 379 1248 489 1285; x_wconf 81' lang='lat' dir='ltr'>venit.</span> <span class='ocrx_word' id='word_1_95' title='bbox 574 1247 652 1291; x_wconf 91' lang='lat' dir='ltr'>Ac,</span> <span class='ocrx_word' id='word_1_96' title='bbox 694 1256 812 1283; x_wconf 90' lang='lat' dir='ltr'>tamen</span> <span class='ocrx_word' id='word_1_97' title='bbox 856 1247 923 1284; x_wconf 85' lang='lat' dir='ltr'>etsi</span> <span class='ocrx_word' id='word_1_98' title='bbox 951 1244 1061 1284; x_wconf 76' lang='lat' dir='ltr'>senati</span> <span class='ocrx_word' id='word_1_99' title='bbox 1086 1249 1204 1285; x_wconf 79' lang='lat' dir='ltr'>verbis</span> 
     </span>
     <span class='ocr_line' id='line_1_16' title="bbox 129 1310 1200 1362; baseline 0.002 -16"><span class='ocrx_word' id='word_1_100' title='bbox 129 1310 245 1348; x_wconf 83' lang='lat' dir='ltr'>minae</span> <span class='ocrx_word' id='word_1_101' title='bbox 264 1324 390 1362; x_wconf 85' lang='lat' dir='ltr'>graves</span> <span class='ocrx_word' id='word_1_102' title='bbox 410 1311 683 1354; x_wconf 87' lang='lat' dir='ltr'>nunciabantur,</span> <span class='ocrx_word' id='word_1_103' title='bbox 714 1311 812 1360; x_wconf 90' lang='lat' dir='ltr'>quod</span> <span class='ocrx_word' id='word_1_104' title='bbox 835 1311 1110 1361; x_wconf 84' lang='lat' dir='ltr'>oppugnatione</span> <span class='ocrx_word' id='word_1_105' title='bbox 1130 1326 1200 1348; x_wconf 90' lang='lat' dir='ltr'>non</span> 
     </span>
     <span class='ocr_line' id='line_1_17' title="bbox 129 1375 1200 1428; baseline 0.001 -16"><span class='ocrx_word' id='word_1_106' title='bbox 129 1375 332 1419; x_wconf 78' lang='lat' dir='ltr'>desisteret,</span> <span class='ocrx_word' id='word_1_107' title='bbox 363 1375 477 1412; x_wconf 89' lang='lat' dir='ltr'>multa</span> <span class='ocrx_word' id='word_1_108' title='bbox 505 1383 624 1412; x_wconf 88' lang='lat' dir='ltr'>tamen</span> <span class='ocrx_word' id='word_1_109' title='bbox 657 1376 820 1412; x_wconf 81' lang='lat' dir='ltr'>oratione</span> <span class='ocrx_word' id='word_1_110' title='bbox 853 1385 1056 1420; x_wconf 84' lang='lat' dir='ltr'>consumta,</span> <span class='ocrx_word' id='word_1_111' title='bbox 1089 1376 1200 1428; x_wconf 82' lang='lat' dir='ltr'>legati</span> 
     </span>
     <span class='ocr_line' id='line_1_18' title="bbox 132 1437 485 1476; baseline 0.003 -1"><span class='ocrx_word' id='word_1_112' title='bbox 132 1437 267 1476; x_wconf 84' lang='lat' dir='ltr'>frustra</span> <span class='ocrx_word' id='word_1_113' title='bbox 281 1439 485 1476; x_wconf 86' lang='lat' dir='ltr'>discessere.</span> 
     </span>
    </p>
   </div>
   <div class='ocr_carea' id='block_1_3' title="bbox 126 1567 1203 2196">
    <p class='ocr_par' dir='ltr' id='par_1_3' title="bbox 126 1567 1203 2196">
     <span class='ocr_line' id='line_1_19' title="bbox 183 1567 1199 1617; baseline 0.001 -13"><span class='ocrx_word' id='word_1_114' title='bbox 183 1567 339 1604; x_wconf 89' lang='lat' dir='ltr'>XXVI.</span> <span class='ocrx_word' id='word_1_115' title='bbox 372 1567 434 1604; x_wconf 77' lang='grc' dir='ltr'>ΕΔ</span> <span class='ocrx_word' id='word_1_116' title='bbox 451 1574 645 1617; x_wconf 82' lang='lat' dir='ltr'>postquam</span> <span class='ocrx_word' id='word_1_117' title='bbox 666 1567 789 1605; x_wconf 84' lang='lat' dir='ltr'>Cirtae</span> <span class='ocrx_word' id='word_1_118' title='bbox 805 1567 927 1604; x_wconf 89' lang='lat' dir='ltr'>audita</span> <span class='ocrx_word' id='word_1_119' title='bbox 947 1576 1043 1611; x_wconf 89' lang='lat' dir='ltr'>sunt,</span> <span class='ocrx_word' id='word_1_120' title='bbox 1066 1568 1199 1612; x_wconf 85' lang='lat' dir='ltr'>Italici,</span> 
     </span>
     <span class='ocr_line' id='line_1_20' title="bbox 130 1631 1202 1683; baseline 0.002 -16"><span class='ocrx_word' id='word_1_121' title='bbox 130 1645 283 1683; x_wconf 85' lang='lat' dir='ltr'>quornm</span> <span class='ocrx_word' id='word_1_122' title='bbox 304 1631 436 1668; x_wconf 78' lang='lat' dir='ltr'>virtute</span> <span class='ocrx_word' id='word_1_123' title='bbox 456 1632 595 1668; x_wconf 88' lang='lat' dir='ltr'>moenia</span> <span class='ocrx_word' id='word_1_124' title='bbox 614 1631 905 1675; x_wconf 84' lang='lat' dir='ltr'>defensabantur,</span> <span class='ocrx_word' id='word_1_125' title='bbox 934 1632 1072 1676; x_wconf 83' lang='lat' dir='ltr'>confisi,</span> <span class='ocrx_word' id='word_1_126' title='bbox 1101 1633 1202 1670; x_wconf 87' lang='lat' dir='ltr'>dedi-</span> 
     </span>
     <span class='ocr_line' id='line_1_21' title="bbox 128 1696 1199 1747; baseline 0 -14"><span class='ocrx_word' id='word_1_127' title='bbox 128 1697 227 1734; x_wconf 89' lang='lat' dir='ltr'>tione</span> <span class='ocrx_word' id='word_1_128' title='bbox 247 1696 358 1740; x_wconf 89' lang='lat' dir='ltr'>facta‚</span> <span class='ocrx_word' id='word_1_129' title='bbox 385 1706 536 1746; x_wconf 89' lang='lat' dir='ltr'>propter</span> <span class='ocrx_word' id='word_1_130' title='bbox 565 1696 849 1747; x_wconf 86' lang='lat' dir='ltr'>magnitudinem</span> <span class='ocrx_word' id='word_1_131' title='bbox 882 1696 1008 1745; x_wconf 92' lang='lat' dir='ltr'>populi</span> <span class='ocrx_word' id='word_1_132' title='bbox 1045 1697 1199 1733; x_wconf 85' lang='lat' dir='ltr'>Romani</span> 
     </span>
     <span class='ocr_line' id='line_1_22' title="bbox 126 1759 1200 1812; baseline 0.001 -15"><span class='ocrx_word' id='word_1_133' title='bbox 126 1760 318 1799; x_wconf 86' lang='lat' dir='ltr'>inviolatos</span> <span class='ocrx_word' id='word_1_134' title='bbox 346 1776 420 1798; x_wconf 90' lang='lat' dir='ltr'>sese</span> <span class='ocrx_word' id='word_1_135' title='bbox 449 1761 552 1805; x_wconf 88' lang='lat' dir='ltr'>fore,&#39;</span> <span class='ocrx_word' id='word_1_136' title='bbox 574 1759 780 1797; x_wconf 87' lang='lat' dir='ltr'>Adherbali</span> <span class='ocrx_word' id='word_1_137' title='bbox 815 1759 979 1803; x_wconf 87' lang='lat' dir='ltr'>suadent,</span> <span class='ocrx_word' id='word_1_138' title='bbox 1008 1760 1061 1796; x_wconf 90' lang='lat' dir='ltr'>uti</span> <span class='ocrx_word' id='word_1_139' title='bbox 1092 1775 1200 1812; x_wconf 82' lang='lat' dir='ltr'>seque</span> 
     </span>
     <span class='ocr_line' id='line_1_23' title="bbox 126 1824 1199 1877; baseline -0.001 -14"><span class='ocrx_word' id='word_1_140' title='bbox 126 1835 166 1863; x_wconf 84' lang='lat' dir='ltr'>et</span> <span class='ocrx_word' id='word_1_141' title='bbox 184 1826 361 1876; x_wconf 87' lang='lat' dir='ltr'>oppidum</span> <span class='ocrx_word' id='word_1_142' title='bbox 380 1827 403 1864; x_wconf 85' lang='lat' dir='ltr'>J</span> <span class='ocrx_word' id='word_1_143' title='bbox 407 1826 585 1877; x_wconf 82' lang='lat' dir='ltr'>ugurthae</span> <span class='ocrx_word' id='word_1_144' title='bbox 604 1825 724 1862; x_wconf 86' lang='lat' dir='ltr'>tradat</span> <span class='ocrx_word' id='word_1_145' title='bbox 743 1839 753 1869; x_wconf 89' lang='lat'>;</span> <span class='ocrx_word' id='word_1_146' title='bbox 782 1831 925 1860; x_wconf 69' lang='lat' dir='ltr'>tautum</span> <span class='ocrx_word' id='word_1_147' title='bbox 949 1824 994 1861; x_wconf 91' lang='lat' dir='ltr'>ab</span> <span class='ocrx_word' id='word_1_148' title='bbox 1026 1839 1070 1862; x_wconf 86' lang='lat' dir='ltr'>eo</span> <span class='ocrx_word' id='word_1_149' title='bbox 1090 1826 1199 1862; x_wconf 80' lang='lat' dir='ltr'>vitam</span> 
     </span>
     <span class='ocr_line' id='line_1_24' title="bbox 126 1887 1203 1940; baseline -0.001 -13"><span class='ocrx_word' id='word_1_150' title='bbox 126 1890 332 1940; x_wconf 80' lang='lat' dir='ltr'>paciscatur</span> <span class='ocrx_word' id='word_1_151' title='bbox 351 1918 361 1935; x_wconf 91' lang='lat'>,</span> <span class='ocrx_word' id='word_1_152' title='bbox 389 1890 432 1927; x_wconf 89' lang='lat' dir='ltr'>de</span> <span class='ocrx_word' id='word_1_153' title='bbox 453 1890 581 1927; x_wconf 84' lang='lat' dir='ltr'>ceteris</span> <span class='ocrx_word' id='word_1_154' title='bbox 601 1889 738 1925; x_wconf 88' lang='lat' dir='ltr'>senatui</span> <span class='ocrx_word' id='word_1_155' title='bbox 759 1901 866 1926; x_wconf 82' lang='lat' dir='ltr'>curae</span> <span class='ocrx_word' id='word_1_156' title='bbox 886 1887 975 1924; x_wconf 89' lang='lat' dir='ltr'>fore.</span> <span class='ocrx_word' id='word_1_157' title='bbox 1046 1888 1107 1926; x_wconf 88' lang='lat' dir='ltr'>At</span> <span class='ocrx_word' id='word_1_158' title='bbox 1127 1889 1203 1932; x_wconf 77' lang='lat' dir='ltr'>ille,</span> 
     </span>
     <span class='ocr_line' id='line_1_25' title="bbox 126 1952 1199 2004; baseline -0.001 -13"><span class='ocrx_word' id='word_1_159' title='bbox 126 1955 272 1992; x_wconf 88' lang='lat' dir='ltr'>tametsi</span> <span class='ocrx_word' id='word_1_160' title='bbox 291 1955 410 1991; x_wconf 88' lang='lat' dir='ltr'>omnia</span> <span class='ocrx_word' id='word_1_161' title='bbox 430 1955 573 2004; x_wconf 90' lang='lat' dir='ltr'>potiora</span> <span class='ocrx_word' id='word_1_162' title='bbox 601 1953 672 1990; x_wconf 84' lang='lat' dir='ltr'>fide</span> <span class='ocrx_word' id='word_1_163' title='bbox 692 1952 896 2003; x_wconf 79' lang='lat' dir='ltr'>Jugurthae</span> <span class='ocrx_word' id='word_1_164' title='bbox 916 1953 1085 1998; x_wconf 70' lang='lat' dir='ltr'>rebatur-3</span> <span class='ocrx_word' id='word_1_165' title='bbox 1115 1954 1199 2004; x_wconf 87' lang='lat' dir='ltr'>quia</span> 
     </span>
     <span class='ocr_line' id='line_1_26' title="bbox 127 2016 1198 2068; baseline -0.002 -12"><span class='ocrx_word' id='word_1_166' title='bbox 127 2031 236 2068; x_wconf 86' lang='lat' dir='ltr'>penes</span> <span class='ocrx_word' id='word_1_167' title='bbox 254 2019 413 2062; x_wconf 89' lang='lat' dir='ltr'>eosdem,</span> <span class='ocrx_word' id='word_1_168' title='bbox 430 2019 457 2055; x_wconf 89' lang='lat' dir='ltr'>si</span> <span class='ocrx_word' id='word_1_169' title='bbox 473 2018 735 2060; x_wconf 60' lang='lat' dir='ltr'>adzorsaretur,</span> <span class='ocrx_word' id='word_1_170' title='bbox 754 2016 910 2068; x_wconf 83' lang='lat' dir='ltr'>cogendi</span> <span class='ocrx_word' id='word_1_171' title='bbox 925 2025 1088 2066; x_wconf 85' lang='lat' dir='ltr'>potestas</span> <span class='ocrx_word' id='word_1_172' title='bbox 1107 2028 1198 2062; x_wconf 85' lang='lat' dir='ltr'>crat,</span> 
     </span>
     <span class='ocr_line' id='line_1_27' title="bbox 126 2081 1200 2134; baseline 0.001 -16"><span class='ocrx_word' id='word_1_173' title='bbox 126 2081 190 2126; x_wconf 85' lang='lat' dir='ltr'>ita,</span> <span class='ocrx_word' id='word_1_174' title='bbox 219 2083 272 2120; x_wconf 90' lang='lat' dir='ltr'>uti</span> <span class='ocrx_word' id='word_1_175' title='bbox 291 2091 501 2120; x_wconf 77' lang='lat' dir='ltr'>censuerant</span> <span class='ocrx_word' id='word_1_176' title='bbox 524 2082 655 2125; x_wconf 83' lang='lat' dir='ltr'>Italici,</span> <span class='ocrx_word' id='word_1_177' title='bbox 685 2082 904 2118; x_wconf 88' lang='lat' dir='ltr'>deditionem</span> <span class='ocrx_word' id='word_1_178' title='bbox 925 2081 1025 2119; x_wconf 82' lang='lat' dir='ltr'>facit.</span> <span class='ocrx_word' id='word_1_179' title='bbox 1063 2084 1200 2134; x_wconf 78' lang='lat' dir='ltr'>Jugur-</span> 
     </span>
     <span class='ocr_line' id='line_1_28' title="bbox 126 2146 1201 2196; baseline 0.001 -13"><span class='ocrx_word' id='word_1_180' title='bbox 126 2146 192 2183; x_wconf 83' lang='lat' dir='ltr'>tha</span> <span class='ocrx_word' id='word_1_181' title='bbox 210 2147 244 2183; x_wconf 89' lang='lat' dir='ltr'>in</span> <span class='ocrx_word' id='word_1_182' title='bbox 265 2147 388 2196; x_wconf 82' lang='lat' dir='ltr'>primis</span> <span class='ocrx_word' id='word_1_183' title='bbox 407 2146 660 2184; x_wconf 76' lang='lat' dir='ltr'>Adherbalem</span> <span class='ocrx_word' id='word_1_184' title='bbox 680 2146 927 2184; x_wconf 83' lang='lat' dir='ltr'>excruciatum</span> <span class='ocrx_word' id='word_1_185' title='bbox 955 2156 1058 2184; x_wconf 82' lang='lat' dir='ltr'>necat</span> <span class='ocrx_word' id='word_1_186' title='bbox 1077 2163 1086 2185; x_wconf 69' lang='grc' dir='ltr'>ι</span> <span class='ocrx_word' id='word_1_187' title='bbox 1116 2148 1201 2185; x_wconf 74' lang='lat' dir='ltr'>dein-</span> 
     </span>
    </p>
   </div>
  </div>
 </body>
</html>
