1497 2689
248 318 321 354 146
439 312 750 351 SALLUSTII
779 313 1119 353 JUGURTHA,

253 428 387 465 sulatus
407 428 580 477 majorum
598 439 772 470 meorum,
797 436 977 464 ostentare
995 442 1006 471 ;
1034 435 1085 470 at,
1114 426 1142 462 si
1161 438 1215 462 res
1236 437 1322 474 pose

254 493 360 536 tulet,
379 492 511 534 hastas,
530 489 712 533 vexillum,
732 489 907 538 phaleras,
928 490 994 526 alia
1014 489 1177 526 militaria
1197 489 1291 525 dona
1307 502 1321 533 ς

254 564 435 607 praeterea
450 553 635 591 cicatrices
650 554 801 589 advorso
816 567 980 602 corpore.
1021 553 1106 590 Hae
1123 562 1205 590 sunt
1221 566 1319 589 meae

254 620 439 671 imagines,
467 619 555 655 haec
575 617 754 660 nobilitas,
783 631 852 653 non
872 617 1093 654 haereditate
1112 617 1250 661 relicta,
1279 625 1320 655 ut

253 683 313 720 illa
332 683 411 726 illis,
433 682 494 719 sed
515 695 605 732 quae
624 695 693 732 ego
714 680 874 730 plurimis
893 680 1076 718 laboribus
1094 690 1131 718 et
1150 680 1320 731 periculis

253 747 422 797 quaesivi.
479 746 565 783 Non
595 754 677 781 sunt
706 746 908 794 composita
927 746 1034 782 verba
1061 759 1165 799 mea:
1195 759 1321 796 parum

252 811 289 848 id
308 811 402 847 facio
420 825 430 854 3
459 809 536 858 ipsa
566 822 601 844 se
621 809 730 845 virtus
760 810 843 845 satis
862 811 1020 846 ostendit
1039 825 1048 847 ε
1079 809 1148 847 illis
1167 810 1320 847 artificio

252 889 344 925 opus
371 883 438 916 est,
467 873 520 908 uti
548 872 667 920 turpia
695 871 792 909 facta
810 873 972 910 oratione
992 882 1131 924 tegant.
1190 874 1322 924 Neque

250 939 389 976 litteras
410 937 571 975 Graecas
592 935 700 971 didici
719 950 728 973 ε
758 950 883 986 parum
906 936 1073 987 placebat
1092 951 1150 973 eas
1170 937 1321 980 discere,

254 1003 390 1053 quippe
411 1015 502 1052 quae
516 1000 563 1036 ad
576 1000 746 1036 virtutem
762 1001 973 1038 doctoribus
988 1000 1076 1038 nihil
1094 1000 1320 1051 profuerunt.

252 1067 313 1104 At
329 1066 400 1109 illa,
419 1063 536 1101 multo
551 1072 703 1113 optuma
717 1064 948 1113 reipublicae,
967 1065 1100 1102 doctus
1115 1078 1192 1101 sum
1208 1079 1219 1109 ;
1239 1064 1325 1101 hos-

252 1139 328 1168 tem
348 1129 466 1173 ferire,
486 1127 660 1177 praesidia
679 1127 815 1178 agitare
830 1144 843 1173 3
862 1128 949 1165 nihil
969 1139 1143 1173 metuere,
1163 1128 1227 1165 nisi
1247 1137 1325 1165 tur-

252 1208 336 1245 pem
355 1193 486 1230 famam
502 1206 512 1236 ;
542 1190 695 1227 hiemem
714 1200 751 1227 et
771 1200 943 1229 aestatem
964 1195 1072 1243 juxta
1091 1192 1166 1242 pati
1185 1207 1195 1236 ;
1224 1191 1323 1228 humi

253 1259 472 1308 requiescere
491 1271 500 1300 ;
529 1255 657 1291 eodem
675 1262 838 1304 tempore
858 1255 1016 1305 inopiam
1031 1265 1068 1293 et
1083 1255 1244 1293 laborem
1264 1263 1324 1292 to-

253 1323 376 1360 lerare.
435 1319 510 1357 His
528 1332 600 1369 ego
620 1318 822 1367 praeceptis
837 1318 968 1356 milites
988 1319 1189 1356 hortabor:
1209 1333 1325 1368 neque

253 1387 333 1424 illos
366 1393 464 1422 arcte
496 1382 625 1425 colam,
672 1396 727 1418 me
760 1382 951 1431 opulenter
969 1399 981 1427 3
1025 1397 1141 1432 neque
1173 1382 1326 1433 gloriam

253 1465 369 1489 meam
386 1450 547 1486 laborem
566 1446 709 1483 illorum
735 1445 878 1483 faciam.
936 1447 1026 1484 Hoc
1046 1456 1102 1484 est
1122 1447 1224 1491 utile,
1255 1447 1326 1484 hoc

253 1515 356 1553 civile
374 1512 575 1563 imperium.
633 1510 816 1559 Namque,
845 1524 929 1547 cum
950 1519 1031 1547 tute
1054 1524 1120 1560 per
1139 1510 1326 1548 mollitiem

255 1594 355 1632 agas,
386 1577 585 1615 exercitum
614 1574 791 1624 supplicio
820 1588 965 1625 cogere,
994 1575 1031 1611 id
1050 1584 1105 1612 est
1127 1574 1327 1619 dominum,

253 1658 324 1682 non
352 1643 619 1692 imperatorem,
648 1652 736 1676 esse.
795 1638 902 1675 Haec
931 1648 1040 1690 atque
1068 1638 1153 1676 talia
1176 1641 1326 1690 majores

254 1707 363 1746 vestri
393 1704 563 1742 faciundo
584 1717 692 1753 seque
712 1716 859 1752 remque
886 1702 1069 1752 publicam
1089 1702 1324 1740 celebravere.

256 1775 352 1823 Quis
385 1769 551 1807 nobilitas
583 1767 689 1810 freta,
722 1767 800 1815 ipsa
832 1765 1008 1803 dissimilis
1041 1766 1214 1811 monbus,
1247 1781 1326 1811 nos,

254 1837 399 1873 illorum
426 1831 597 1875 aemulos,
626 1829 854 1875 contemnit;
882 1839 918 1866 et
938 1843 1060 1866 omnes
1079 1830 1325 1867 honores-non

256 1915 301 1938 ex
322 1899 464 1942 merito,
493 1896 556 1934 sed
577 1894 675 1947 quasi
695 1895 852 1938 debitos,
880 1908 900 1931 a
924 1895 1025 1931 vobis
1052 1895 1197 1945 repetit.
1256 1895 1328 1932 Ce-

257 1974 375 2002 terum
395 1961 556 1999 homines
572 1958 825 2009 superbissumi
845 1959 974 2008 procul
987 1968 1118 1996 errant.
1167 1959 1326 2010 Majores

257 2041 383 2066 eorum
413 2025 543 2067 omnia,
574 2037 665 2073 quae
694 2022 841 2066 licebat,
871 2022 939 2059 illis
958 2023 1145 2073 reliquere,
1174 2023 1327 2067 divitias,

256 2090 444 2143 imagines,
475 2088 681 2125 memoriam
708 2087 760 2124 sui
788 2087 1006 2137 praeclaram
1028 2104 1037 2127 :
1066 2089 1236 2139 Virtutem
1255 2102 1326 2124 non

261 2156 469 2206 reliquere3
508 2166 625 2203 neque
655 2160 852 2202 poterant:
898 2166 940 2190 ea
969 2152 1043 2190 sola
1074 2166 1190 2203 neque
1221 2153 1336 2190 datur·
