1451 2719
358 372 671 411 SALLUSTII
702 373 1007 412 CATILINA.
1199 373 1224 416 ’ἴ

155 484 361 523 Memorare
381 498 537 534 possem,
561 485 692 533 quibus
707 486 741 521 in
754 485 843 522 locis
855 497 1043 522 maxumas
1059 483 1222 520 hostium

150 549 276 599 copias
296 548 455 599 populus
481 549 667 586 Romanus
686 563 795 599 parva
814 563 920 586 manu
942 549 1076 586 fuderit
1094 564 1104 594 ς
1133 562 1224 598 quas

150 614 271 658 urbes,
292 623 421 650 natura
440 614 608 657 munitas,
628 614 827 665 pugnando
842 614 1030 664 coeperit3
1059 613 1094 650 ni
1113 627 1155 650 ea
1169 626 1225 649 res

150 677 297 730 longius
315 678 361 714 ab
381 677 528 727 incepto
547 677 718 714 traheret.

204 805 326 843 VIII.
364 806 444 843 SED
465 804 634 855 profecto
655 806 818 842 Fortuna
836 807 870 842 in
890 806 987 842 omni
1007 819 1044 841 re
1063 805 1223 844 domina-

149 877 210 906 tur
225 884 235 906 ε
266 882 308 906 ea
324 883 378 909 res
397 879 562 913 cunctas,
577 884 621 906 ex
638 869 797 910 lubidine
812 870 928 921 magis
943 883 1051 919 quam
1066 883 1110 906 ex
1127 883 1225 912 vem,

149 923 309 970 cele'brat
319 933 579 982 obscuratque.
602 933 886 970 Atheniensium
899 947 954 970 res
965 942 1103 984 gestae,
1116 934 1223 969 sicuti

147 1010 220 1047 ego
233 996 504 1040 aestumo‚satis
516 996 654 1046 amplae
668 997 952 1047 magnificaeque
965 997 1083 1042 fuereg
1097 1001 1224 1039 ‚verum

147 1060 334 1110 aliquanto
355 1059 507 1096 minores
527 1069 660 1103 tamen,
677 1074 785 1110 quam
801 1061 894 1097 fama
910 1061 1088 1098 feruntur.
1134 1061 1221 1105 Sed,

148 1125 233 1175 quia
263 1137 459 1174 provenere
489 1124 540 1160 ibi
571 1124 788 1173 scriptorum
813 1138 943 1176 magna
971 1125 1128 1176 ingenia,
1158 1139 1223 1175 per

147 1199 326 1233 terrarum
351 1188 478 1225 orbem
508 1187 793 1225 Atheniensium
822 1188 920 1227 facta
949 1203 1017 1239 pro
1046 1190 1223 1225 maxumis

147 1254 389 1292 celebrantur.
435 1254 496 1290 Ita
514 1267 653 1297 corum,
674 1254 736 1303 qui
756 1252 887 1297 fecere,
911 1253 1024 1290 virtus
1039 1262 1141 1290 tanta
1159 1253 1224 1289 ha-

147 1320 270 1364 betur,
301 1327 478 1369 quantum
500 1318 616 1355 verbis
634 1331 712 1354 earn
742 1327 895 1368 potuere
916 1317 1091 1354 extollere
1123 1331 1226 1367 prae-

149 1383 244 1421 clara
258 1383 414 1435 ingenia.
462 1383 522 1419 At
542 1381 681 1432 populo
704 1381 872 1418 Romano
891 1395 1092 1430 numquam
1107 1395 1148 1418 ea
1163 1395 1227 1418 co-

150 1449 213 1499 pia
241 1447 312 1485 fuit
335 1463 343 1485 :
375 1447 460 1497 quia
482 1446 796 1497 prudentissumus
826 1447 979 1497 quisque
1012 1447 1225 1497 negotiosus

148 1527 317 1551 maxume
337 1521 414 1550 erat
432 1527 442 1556 ;
471 1511 656 1562 ingenium
684 1525 788 1548 nemo
809 1512 882 1548 sine
901 1525 1054 1560 corpore
1080 1525 1227 1548 exerce-

149 1580 213 1617 bat
231 1595 242 1624 3
270 1588 446 1628 optumus
466 1577 618 1626 quisque
639 1575 770 1619 facere,
793 1589 902 1625 quam
923 1576 1067 1620 dicere3
1097 1589 1160 1612 sua
1178 1577 1225 1613 ab

147 1644 223 1681 aliis
252 1641 443 1683 benefacta
471 1640 624 1684 laudari,
656 1653 764 1690 quam
794 1640 870 1690 ipse
898 1639 1050 1683 aliorum
1069 1653 1225 1685 narrare,

147 1707 318 1746 malebat.

203 1837 278 1875 IX.
312 1837 473 1874 on-rua
505 1835 604 1871 domi
631 1834 850 1884 militiaeque
877 1834 965 1871 boni
991 1847 1108 1871 mores
1127 1833 1225 1871 cole-

147 1903 283 1939 bantur
300 1917 311 1946 ;
340 1899 535 1938 concordia
562 1912 744 1942 maxuma,
773 1899 931 1935 minuma
950 1899 1098 1936 avaritia
1116 1907 1193 1936 erat
1212 1914 1225 1944 ς

143 1968 206 2018 jus
234 1967 446 2014 bonumque
478 1963 577 2013 apud
605 1977 667 2000 eos
686 1977 757 1999 non
785 1962 928 2014 legibus
956 1964 1085 2014 magis,
1114 1975 1223 2012 quam

147 2039 288 2075 natura,
308 2029 463 2067 valebat.
521 2029 544 2066 J
548 2028 663 2079 urgia,
684 2027 893 2071 discordias,
913 2026 1127 2071 simultates,
1139 2041 1223 2063 cum

149 2094 317 2133 hostibus
347 2093 592 2131 exercebant:
630 2091 725 2128 cives
753 2105 836 2128 cum
855 2091 994 2128 civibus
1021 2091 1066 2128 de
1089 2091 1224 2128 virtute

146 2160 369 2198 certabant:
413 2158 449 2194 in
487 2156 674 2207 suppliciis
707 2157 858 2194 deorum
890 2157 1087 2208 magnifici,
1125 2156 1224 2192 domi

145 2224 260 2279 farei,
290 2224 326 2260 in
344 2222 469 2265 amicis
492 2220 614 2259 fideles
642 2229 756 2258 crant.
813 2221 972 2260 Duabus
996 2221 1052 2258 his
1071 2221 1221 2264 artibus,
