<?xml version="1.0" encoding="UTF-8"?>
<!DOCTYPE html PUBLIC "-//W3C//DTD XHTML 1.0 Transitional//EN"
    "http://www.w3.org/TR/xhtml1/DTD/xhtml1-transitional.dtd">
<html xmlns="http://www.w3.org/1999/xhtml" xml:lang="en" lang="en">
 <head>
  <title>
</title>
<meta http-equiv="Content-Type" content="text/html;charset=utf-8" />
  <meta name='ocr-system' content='tesseract 3.04.00' />
  <meta name='ocr-capabilities' content='ocr_page ocr_carea ocr_par ocr_line ocrx_word'/>
</head>
<body>
  <div class='ocr_page' id='page_1' title='image "./quaesupersuntope00salluoft_0086.png"; bbox 0 0 1497 2689; ppageno 0'>
   <div class='ocr_carea' id='block_1_1' title="bbox 225 301 1109 344">
    <p class='ocr_par' dir='ltr' id='par_1_1' title="bbox 225 301 1109 344">
     <span class='ocr_line' id='line_1_1' title="bbox 225 301 1109 344; baseline 0.006 -5"><span class='ocrx_word' id='word_1_1' title='bbox 225 304 276 344; x_wconf 83' lang='lat'><strong>74·</strong></span> <span class='ocrx_word' id='word_1_2' title='bbox 424 301 741 342; x_wconf 89' lang='lat' dir='ltr'>SALLUSTII</span> <span class='ocrx_word' id='word_1_3' title='bbox 770 302 1109 344; x_wconf 74' lang='lat' dir='ltr'><strong>JUGURTHA.</strong></span> 
     </span>
    </p>
   </div>
   <div class='ocr_carea' id='block_1_2' title="bbox 230 413 1310 2208">
    <p class='ocr_par' dir='ltr' id='par_1_2' title="bbox 230 413 1310 2208">
     <span class='ocr_line' id='line_1_2' title="bbox 230 413 1304 466; baseline 0.006 -16"><span class='ocrx_word' id='word_1_4' title='bbox 230 413 381 450; x_wconf 85' lang='lat' dir='ltr'><strong>nienses.</strong></span> <span class='ocrx_word' id='word_1_5' title='bbox 439 414 572 450; x_wconf 87' lang='lat' dir='ltr'><strong>Vestra</strong></span> <span class='ocrx_word' id='word_1_6' title='bbox 590 415 763 451; x_wconf 89' lang='lat' dir='ltr'><strong>beneficia</strong></span> <span class='ocrx_word' id='word_1_7' title='bbox 788 425 911 466; x_wconf 88' lang='lat' dir='ltr'><strong>erepta</strong></span> <span class='ocrx_word' id='word_1_8' title='bbox 931 427 1026 461; x_wconf 90' lang='lat' dir='ltr'><strong>sunt,</strong></span> <span class='ocrx_word' id='word_1_9' title='bbox 1057 418 1184 455; x_wconf 88' lang='lat' dir='ltr'><strong>Patres</strong></span> <span class='ocrx_word' id='word_1_10' title='bbox 1213 429 1304 456; x_wconf 57' lang='lat' dir='ltr'><strong>cont</strong></span> 
     </span>
     <span class='ocr_line' id='line_1_3' title="bbox 234 478 1305 530; baseline 0.001 -14"><span class='ocrx_word' id='word_1_11' title='bbox 234 478 358 528; x_wconf 88' lang='lat' dir='ltr'><strong>scripti</strong></span> <span class='ocrx_word' id='word_1_12' title='bbox 376 493 385 516; x_wconf 80' lang='lat' dir='ltr'><strong><em>z</em></strong></span> <span class='ocrx_word' id='word_1_13' title='bbox 417 492 479 514; x_wconf 88' lang='lat' dir='ltr'><strong>vos</strong></span> <span class='ocrx_word' id='word_1_14' title='bbox 497 478 532 514; x_wconf 90' lang='lat' dir='ltr'><strong>in</strong></span> <span class='ocrx_word' id='word_1_15' title='bbox 553 492 629 514; x_wconf 90' lang='lat' dir='ltr'><strong>mea</strong></span> <span class='ocrx_word' id='word_1_16' title='bbox 647 479 773 530; x_wconf 86' lang='lat' dir='ltr'><strong>injuria</strong></span> <span class='ocrx_word' id='word_1_17' title='bbox 787 480 947 530; x_wconf 82' lang='lat' dir='ltr'><strong>despecti</strong></span> <span class='ocrx_word' id='word_1_18' title='bbox 966 481 1063 518; x_wconf 87' lang='lat' dir='ltr'><strong>estis.</strong></span> <span class='ocrx_word' id='word_1_19' title='bbox 1123 481 1230 518; x_wconf 91' lang='lat' dir='ltr'><strong>Eheu</strong></span> <span class='ocrx_word' id='word_1_20' title='bbox 1249 494 1305 517; x_wconf 86' lang='lat' dir='ltr'><strong>me</strong></span> 
     </span>
     <span class='ocr_line' id='line_1_4' title="bbox 233 541 1306 593; baseline 0.002 -15"><span class='ocrx_word' id='word_1_21' title='bbox 233 543 398 579; x_wconf 85' lang='lat' dir='ltr'><strong>miserum</strong></span> <span class='ocrx_word' id='word_1_22' title='bbox 416 545 424 578; x_wconf 91' lang='lat'>!</span> <span class='ocrx_word' id='word_1_23' title='bbox 449 541 635 586; x_wconf 88' lang='lat' dir='ltr'><strong>Huccine,</strong></span> <span class='ocrx_word' id='word_1_24' title='bbox 656 542 815 592; x_wconf 87' lang='lat' dir='ltr'>Micipsa</span> <span class='ocrx_word' id='word_1_25' title='bbox 832 553 947 593; x_wconf 89' lang='lat' dir='ltr'><strong>pater,</strong></span> <span class='ocrx_word' id='word_1_26' title='bbox 967 545 1139 582; x_wconf 88' lang='lat' dir='ltr'><strong>beneficia</strong></span> <span class='ocrx_word' id='word_1_27' title='bbox 1152 557 1306 587; x_wconf 84' lang='lat' dir='ltr'><strong>evasere,</strong></span> 
     </span>
     <span class='ocr_line' id='line_1_5' title="bbox 235 605 1305 660; baseline 0.001 -18"><span class='ocrx_word' id='word_1_28' title='bbox 235 606 301 650; x_wconf 89' lang='lat' dir='ltr'><strong>uti,</strong></span> <span class='ocrx_word' id='word_1_29' title='bbox 323 619 428 657; x_wconf 91' lang='lat' dir='ltr'><strong>quem</strong></span> <span class='ocrx_word' id='word_1_30' title='bbox 442 614 483 648; x_wconf 75' lang='lat' dir='ltr'><strong>tu</strong></span> <span class='ocrx_word' id='word_1_31' title='bbox 499 619 620 656; x_wconf 75' lang='lat' dir='ltr'><strong>parem</strong></span> <span class='ocrx_word' id='word_1_32' title='bbox 639 620 722 643; x_wconf 87' lang='lat' dir='ltr'><strong>cum</strong></span> <span class='ocrx_word' id='word_1_33' title='bbox 740 606 874 651; x_wconf 83' lang='lat' dir='ltr'><strong>liberis,</strong></span> <span class='ocrx_word' id='word_1_34' title='bbox 894 608 1064 660; x_wconf 81' lang='lat' dir='ltr'>regnique</span> <span class='ocrx_word' id='word_1_35' title='bbox 1080 605 1305 658; x_wconf 80' lang='lat' dir='ltr'><strong>participem,</strong></span> 
     </span>
     <span class='ocr_line' id='line_1_6' title="bbox 233 668 1307 722; baseline 0.002 -17"><span class='ocrx_word' id='word_1_36' title='bbox 233 668 364 713; x_wconf 85' lang='lat' dir='ltr'>fecisti,</span> <span class='ocrx_word' id='word_1_37' title='bbox 381 670 409 706; x_wconf 90' lang='lat' dir='ltr'><strong>is</strong></span> <span class='ocrx_word' id='word_1_38' title='bbox 424 669 664 719; x_wconf 88' lang='lat' dir='ltr'><strong>potissumum</strong></span> <span class='ocrx_word' id='word_1_39' title='bbox 676 670 796 720; x_wconf 81' lang='lat' dir='ltr'><strong>stirpis</strong></span> <span class='ocrx_word' id='word_1_40' title='bbox 811 680 894 707; x_wconf 89' lang='lat' dir='ltr'><strong>tuae</strong></span> <span class='ocrx_word' id='word_1_41' title='bbox 906 672 1105 719; x_wconf 69' lang='lat' dir='ltr'><strong>exstinctor</strong></span> <span class='ocrx_word' id='word_1_42' title='bbox 1120 672 1186 722; x_wconf 74' lang='lat' dir='ltr'><strong>sit?</strong></span> <span class='ocrx_word' id='word_1_43' title='bbox 1202 672 1307 709; x_wconf 81' lang='lat' dir='ltr'><strong>Nun-</strong></span> 
     </span>
     <span class='ocr_line' id='line_1_7' title="bbox 233 733 1304 786; baseline 0.002 -17"><span class='ocrx_word' id='word_1_44' title='bbox 233 747 387 784; x_wconf 84' lang='lat' dir='ltr'>quamne</span> <span class='ocrx_word' id='word_1_45' title='bbox 407 747 495 785; x_wconf 86' lang='lat' dir='ltr'><strong>ergo</strong></span> <span class='ocrx_word' id='word_1_46' title='bbox 516 733 647 770; x_wconf 87' lang='lat' dir='ltr'><strong>familia</strong></span> <span class='ocrx_word' id='word_1_47' title='bbox 665 744 787 771; x_wconf 87' lang='lat' dir='ltr'><strong>nostra</strong></span> <span class='ocrx_word' id='word_1_48' title='bbox 806 735 928 784; x_wconf 89' lang='lat' dir='ltr'><strong>quieta</strong></span> <span class='ocrx_word' id='word_1_49' title='bbox 946 737 1011 773; x_wconf 86' lang='lat' dir='ltr'><strong>erit</strong></span> <span class='ocrx_word' id='word_1_50' title='bbox 1029 738 1041 774; x_wconf 70' lang='grc' dir='ltr'><strong><em>ἓ</em></strong></span> <span class='ocrx_word' id='word_1_51' title='bbox 1069 750 1252 786; x_wconf 85' lang='lat' dir='ltr'><strong>semperne</strong></span> <span class='ocrx_word' id='word_1_52' title='bbox 1270 736 1304 772; x_wconf 89' lang='lat' dir='ltr'><strong>in</strong></span> 
     </span>
     <span class='ocr_line' id='line_1_8' title="bbox 235 797 1307 850; baseline 0.002 -17"><span class='ocrx_word' id='word_1_53' title='bbox 235 798 421 849; x_wconf 87' lang='lat' dir='ltr'><strong>sanguine,</strong></span> <span class='ocrx_word' id='word_1_54' title='bbox 441 797 550 841; x_wconf 82' lang='lat' dir='ltr'><strong>ferro,</strong></span> <span class='ocrx_word' id='word_1_55' title='bbox 569 797 672 849; x_wconf 81' lang='lat' dir='ltr'><strong>fuga,</strong></span> <span class='ocrx_word' id='word_1_56' title='bbox 687 799 925 837; x_wconf 88' lang='lat' dir='ltr'><strong>versabimur?</strong></span> <span class='ocrx_word' id='word_1_57' title='bbox 954 800 1058 837; x_wconf 89' lang='lat' dir='ltr'><strong>Dum</strong></span> <span class='ocrx_word' id='word_1_58' title='bbox 1075 799 1307 850; x_wconf 68' lang='lat' dir='ltr'><strong>Carthagini7</strong></span> 
     </span>
     <span class='ocr_line' id='line_1_9' title="bbox 234 862 1303 914; baseline 0.002 -15"><span class='ocrx_word' id='word_1_59' title='bbox 234 877 336 900; x_wconf 88' lang='lat' dir='ltr'><strong>enses</strong></span> <span class='ocrx_word' id='word_1_60' title='bbox 356 862 551 899; x_wconf 87' lang='lat' dir='ltr'><strong>incolumes</strong></span> <span class='ocrx_word' id='word_1_61' title='bbox 571 862 683 906; x_wconf 86' lang='lat' dir='ltr'><strong>fuere,</strong></span> <span class='ocrx_word' id='word_1_62' title='bbox 699 864 778 914; x_wconf 86' lang='lat' dir='ltr'><strong>jure</strong></span> <span class='ocrx_word' id='word_1_63' title='bbox 798 864 916 900; x_wconf 90' lang='lat' dir='ltr'><strong>omnia</strong></span> <span class='ocrx_word' id='word_1_64' title='bbox 935 878 1035 901; x_wconf 85' lang='lat' dir='ltr'><strong>saeva</strong></span> <span class='ocrx_word' id='word_1_65' title='bbox 1053 864 1277 914; x_wconf 85' lang='lat' dir='ltr'><strong>patiebamur</strong></span> <span class='ocrx_word' id='word_1_66' title='bbox 1294 878 1303 901; x_wconf 91' lang='lat'>:</span> 
     </span>
     <span class='ocr_line' id='line_1_10' title="bbox 233 925 1306 977; baseline 0 -14"><span class='ocrx_word' id='word_1_67' title='bbox 233 927 358 964; x_wconf 89' lang='lat' dir='ltr'><strong>hostes</strong></span> <span class='ocrx_word' id='word_1_68' title='bbox 386 926 431 962; x_wconf 89' lang='lat' dir='ltr'><strong>ab</strong></span> <span class='ocrx_word' id='word_1_69' title='bbox 460 925 583 969; x_wconf 82' lang='lat' dir='ltr'><strong>latere,</strong></span> <span class='ocrx_word' id='word_1_70' title='bbox 613 939 675 962; x_wconf 89' lang='lat' dir='ltr'><strong>vos</strong></span> <span class='ocrx_word' id='word_1_71' title='bbox 707 927 810 964; x_wconf 85' lang='lat' dir='ltr'><strong>amici</strong></span> <span class='ocrx_word' id='word_1_72' title='bbox 842 927 985 976; x_wconf 91' lang='lat' dir='ltr'><strong>procul,</strong></span> <span class='ocrx_word' id='word_1_73' title='bbox 1013 942 1092 977; x_wconf 91' lang='lat' dir='ltr'><strong>spes</strong></span> <span class='ocrx_word' id='word_1_74' title='bbox 1125 927 1240 964; x_wconf 86' lang='lat' dir='ltr'><strong>omnis</strong></span> <span class='ocrx_word' id='word_1_75' title='bbox 1272 927 1306 963; x_wconf 90' lang='lat' dir='ltr'><strong>in</strong></span> 
     </span>
     <span class='ocr_line' id='line_1_11' title="bbox 233 990 1308 1043; baseline 0 -17"><span class='ocrx_word' id='word_1_76' title='bbox 233 990 338 1026; x_wconf 86' lang='lat' dir='ltr'><strong>armis</strong></span> <span class='ocrx_word' id='word_1_77' title='bbox 357 998 445 1026; x_wconf 86' lang='lat' dir='ltr'><strong>erat.</strong></span> <span class='ocrx_word' id='word_1_78' title='bbox 504 990 703 1040; x_wconf 82' lang='lat' dir='ltr'><strong>Postquam</strong></span> <span class='ocrx_word' id='word_1_79' title='bbox 722 990 781 1027; x_wconf 91' lang='lat' dir='ltr'><strong>illa</strong></span> <span class='ocrx_word' id='word_1_80' title='bbox 799 991 909 1040; x_wconf 86' lang='lat' dir='ltr'><strong>pestis</strong></span> <span class='ocrx_word' id='word_1_81' title='bbox 927 994 1056 1043; x_wconf 84' lang='lat' dir='ltr'><strong>ejecta,</strong></span> <span class='ocrx_word' id='word_1_82' title='bbox 1080 991 1163 1028; x_wconf 88' lang='lat' dir='ltr'><strong>laeti</strong></span> <span class='ocrx_word' id='word_1_83' title='bbox 1182 1005 1308 1041; x_wconf 87' lang='lat' dir='ltr'><strong>pacem</strong></span> 
     </span>
     <span class='ocr_line' id='line_1_12' title="bbox 235 1054 1307 1106; baseline 0.001 -16"><span class='ocrx_word' id='word_1_84' title='bbox 235 1055 460 1105; x_wconf 81' lang='lat' dir='ltr'><strong>agitabamus</strong></span> <span class='ocrx_word' id='word_1_85' title='bbox 479 1069 489 1099; x_wconf 72' lang='grc' dir='ltr'><strong>ς</strong></span> <span class='ocrx_word' id='word_1_86' title='bbox 525 1055 658 1105; x_wconf 74' lang='lat' dir='ltr'><strong>quippe</strong></span> <span class='ocrx_word' id='word_1_87' title='bbox 692 1058 772 1106; x_wconf 89' lang='lat' dir='ltr'><strong>quis</strong></span> <span class='ocrx_word' id='word_1_88' title='bbox 804 1056 919 1092; x_wconf 89' lang='lat' dir='ltr'><strong>hostis</strong></span> <span class='ocrx_word' id='word_1_89' title='bbox 948 1055 1078 1099; x_wconf 87' lang='lat' dir='ltr'><strong>nullus,</strong></span> <span class='ocrx_word' id='word_1_90' title='bbox 1116 1055 1181 1092; x_wconf 86' lang='lat' dir='ltr'><strong>nisi</strong></span> <span class='ocrx_word' id='word_1_91' title='bbox 1212 1054 1307 1091; x_wconf 89' lang='lat' dir='ltr'><strong>forte</strong></span> 
     </span>
     <span class='ocr_line' id='line_1_13' title="bbox 233 1118 1309 1171; baseline -0.001 -15"><span class='ocrx_word' id='word_1_92' title='bbox 233 1133 340 1169; x_wconf 86' lang='lat' dir='ltr'><strong>quem</strong></span> <span class='ocrx_word' id='word_1_93' title='bbox 355 1118 559 1170; x_wconf 85' lang='lat' dir='ltr'><strong>jussissetis.</strong></span> <span class='ocrx_word' id='word_1_94' title='bbox 619 1119 720 1156; x_wconf 87' lang='lat' dir='ltr'><strong>Ecce</strong></span> <span class='ocrx_word' id='word_1_95' title='bbox 739 1129 859 1162; x_wconf 80' lang='lat' dir='ltr'><strong>autem</strong></span> <span class='ocrx_word' id='word_1_96' title='bbox 892 1135 936 1170; x_wconf 86' lang='lat' dir='ltr'><strong>ex</strong></span> <span class='ocrx_word' id='word_1_97' title='bbox 955 1120 1148 1169; x_wconf 87' lang='lat' dir='ltr'><strong>improviso</strong></span> <span class='ocrx_word' id='word_1_98' title='bbox 1171 1121 1309 1171; x_wconf 88' lang='lat' dir='ltr'><strong>Jugur-</strong></span> 
     </span>
     <span class='ocr_line' id='line_1_14' title="bbox 233 1182 1307 1233; baseline 0 -13"><span class='ocrx_word' id='word_1_99' title='bbox 233 1184 311 1228; x_wconf 86' lang='lat' dir='ltr'><strong>tha,</strong></span> <span class='ocrx_word' id='word_1_100' title='bbox 339 1183 562 1220; x_wconf 80' lang='lat' dir='ltr'><strong>intoleranda</strong></span> <span class='ocrx_word' id='word_1_101' title='bbox 580 1182 740 1226; x_wconf 87' lang='lat' dir='ltr'><strong>audacia,</strong></span> <span class='ocrx_word' id='word_1_102' title='bbox 769 1183 901 1220; x_wconf 87' lang='lat' dir='ltr'><strong>scelere</strong></span> <span class='ocrx_word' id='word_1_103' title='bbox 919 1193 1029 1233; x_wconf 86' lang='lat' dir='ltr'><strong>atque</strong></span> <span class='ocrx_word' id='word_1_104' title='bbox 1049 1184 1214 1233; x_wconf 88' lang='lat' dir='ltr'><strong>superbia</strong></span> <span class='ocrx_word' id='word_1_105' title='bbox 1233 1197 1307 1220; x_wconf 90' lang='lat' dir='ltr'><strong>sese</strong></span> 
     </span>
     <span class='ocr_line' id='line_1_15' title="bbox 234 1248 1307 1298; baseline -0.002 -12"><span class='ocrx_word' id='word_1_106' title='bbox 234 1248 409 1292; x_wconf 85' lang='lat' dir='ltr'><strong>ecferens,</strong></span> <span class='ocrx_word' id='word_1_107' title='bbox 438 1248 548 1286; x_wconf 84' lang='lat' dir='ltr'><strong>fratre</strong></span> <span class='ocrx_word' id='word_1_108' title='bbox 567 1262 661 1291; x_wconf 90' lang='lat' dir='ltr'><strong>meo,</strong></span> <span class='ocrx_word' id='word_1_109' title='bbox 689 1260 798 1298; x_wconf 86' lang='lat' dir='ltr'><strong>atque</strong></span> <span class='ocrx_word' id='word_1_110' title='bbox 830 1249 957 1285; x_wconf 90' lang='lat' dir='ltr'><strong>eodem</strong></span> <span class='ocrx_word' id='word_1_111' title='bbox 990 1249 1195 1298; x_wconf 88' lang='lat' dir='ltr'><strong>propinquo</strong></span> <span class='ocrx_word' id='word_1_112' title='bbox 1229 1262 1307 1293; x_wconf 90' lang='lat' dir='ltr'><strong>suo,</strong></span> 
     </span>
     <span class='ocr_line' id='line_1_16' title="bbox 234 1312 1307 1363; baseline -0.001 -14"><span class='ocrx_word' id='word_1_113' title='bbox 234 1313 443 1357; x_wconf 84' lang='lat' dir='ltr'><strong>interfecto,</strong></span> <span class='ocrx_word' id='word_1_114' title='bbox 463 1312 617 1363; x_wconf 87' lang='lat' dir='ltr'><strong>primum</strong></span> <span class='ocrx_word' id='word_1_115' title='bbox 636 1327 788 1363; x_wconf 89' lang='lat' dir='ltr'><strong>regnum</strong></span> <span class='ocrx_word' id='word_1_116' title='bbox 807 1314 882 1363; x_wconf 86' lang='lat' dir='ltr'><strong>ejus</strong></span> <span class='ocrx_word' id='word_1_117' title='bbox 903 1312 1041 1349; x_wconf 87' lang='lat' dir='ltr'><strong>sceleris</strong></span> <span class='ocrx_word' id='word_1_118' title='bbox 1062 1313 1115 1349; x_wconf 88' lang='lat' dir='ltr'><strong>sui</strong></span> <span class='ocrx_word' id='word_1_119' title='bbox 1139 1313 1307 1362; x_wconf 86' lang='lat' dir='ltr'><strong>praedam</strong></span> 
     </span>
     <span class='ocr_line' id='line_1_17' title="bbox 233 1375 1309 1427; baseline -0.001 -13"><span class='ocrx_word' id='word_1_120' title='bbox 233 1377 321 1415; x_wconf 84' lang='lat' dir='ltr'><strong>fecit</strong></span> <span class='ocrx_word' id='word_1_121' title='bbox 339 1393 348 1415; x_wconf 77' lang='lat' dir='ltr'><em>z</em></span> <span class='ocrx_word' id='word_1_122' title='bbox 380 1386 478 1427; x_wconf 90' lang='lat' dir='ltr'><strong>post,</strong></span> <span class='ocrx_word' id='word_1_123' title='bbox 506 1377 568 1414; x_wconf 88' lang='lat' dir='ltr'><strong>ubi</strong></span> <span class='ocrx_word' id='word_1_124' title='bbox 588 1390 644 1414; x_wconf 90' lang='lat' dir='ltr'><strong>me</strong></span> <span class='ocrx_word' id='word_1_125' title='bbox 665 1377 778 1413; x_wconf 80' lang='lat' dir='ltr'><strong>isdem</strong></span> <span class='ocrx_word' id='word_1_126' title='bbox 797 1375 888 1412; x_wconf 82' lang='lat' dir='ltr'><strong>dolis</strong></span> <span class='ocrx_word' id='word_1_127' title='bbox 908 1376 1032 1425; x_wconf 89' lang='lat' dir='ltr'><strong>nequit</strong></span> <span class='ocrx_word' id='word_1_128' title='bbox 1055 1390 1196 1425; x_wconf 88' lang='lat' dir='ltr'><strong>capere,</strong></span> <span class='ocrx_word' id='word_1_129' title='bbox 1220 1376 1309 1413; x_wconf 89' lang='lat' dir='ltr'><strong>nihil</strong></span> 
     </span>
     <span class='ocr_line' id='line_1_18' title="bbox 235 1439 1309 1490; baseline -0.003 -12"><span class='ocrx_word' id='word_1_130' title='bbox 235 1442 364 1485; x_wconf 89' lang='lat' dir='ltr'><strong>minus,</strong></span> <span class='ocrx_word' id='word_1_131' title='bbox 393 1453 500 1490; x_wconf 89' lang='lat' dir='ltr'><strong>quam</strong></span> <span class='ocrx_word' id='word_1_132' title='bbox 520 1440 604 1484; x_wconf 89' lang='lat' dir='ltr'><strong>vim,</strong></span> <span class='ocrx_word' id='word_1_133' title='bbox 623 1451 686 1477; x_wconf 83' lang='lat' dir='ltr'><strong>aut</strong></span> <span class='ocrx_word' id='word_1_134' title='bbox 704 1439 853 1483; x_wconf 81' lang='lat' dir='ltr'><strong>bellum,</strong></span> <span class='ocrx_word' id='word_1_135' title='bbox 885 1448 1170 1488; x_wconf 80' lang='lat' dir='ltr'><strong>exspectantem,</strong></span> <span class='ocrx_word' id='word_1_136' title='bbox 1189 1439 1224 1476; x_wconf 90' lang='lat' dir='ltr'><strong>in</strong></span> <span class='ocrx_word' id='word_1_137' title='bbox 1243 1440 1309 1476; x_wconf 87' lang='lat' dir='ltr'><strong>im-</strong></span> 
     </span>
     <span class='ocr_line' id='line_1_19' title="bbox 234 1503 1307 1555; baseline -0.002 -14"><span class='ocrx_word' id='word_1_138' title='bbox 234 1505 334 1555; x_wconf 89' lang='lat' dir='ltr'><strong>perio</strong></span> <span class='ocrx_word' id='word_1_139' title='bbox 353 1513 486 1553; x_wconf 87' lang='lat' dir='ltr'><strong>vestro,</strong></span> <span class='ocrx_word' id='word_1_140' title='bbox 515 1503 620 1540; x_wconf 90' lang='lat' dir='ltr'><strong>sicuti</strong></span> <span class='ocrx_word' id='word_1_141' title='bbox 647 1503 789 1547; x_wconf 89' lang='lat' dir='ltr'><strong>videtis,</strong></span> <span class='ocrx_word' id='word_1_142' title='bbox 817 1513 998 1540; x_wconf 85' lang='lat' dir='ltr'><strong>extorrem</strong></span> <span class='ocrx_word' id='word_1_143' title='bbox 1027 1504 1156 1552; x_wconf 79' lang='lat' dir='ltr'><strong>patria,</strong></span> <span class='ocrx_word' id='word_1_144' title='bbox 1184 1504 1307 1548; x_wconf 90' lang='lat' dir='ltr'><strong>domo,</strong></span> 
     </span>
     <span class='ocr_line' id='line_1_20' title="bbox 234 1567 1308 1618; baseline 0 -14"><span class='ocrx_word' id='word_1_145' title='bbox 234 1569 391 1618; x_wconf 87' lang='lat' dir='ltr'><strong>inopem,</strong></span> <span class='ocrx_word' id='word_1_146' title='bbox 404 1577 441 1605; x_wconf 90' lang='lat' dir='ltr'><strong>et</strong></span> <span class='ocrx_word' id='word_1_147' title='bbox 456 1576 671 1617; x_wconf 87' lang='lat' dir='ltr'><strong>coopertum</strong></span> <span class='ocrx_word' id='word_1_148' title='bbox 684 1567 843 1611; x_wconf 83' lang='lat' dir='ltr'><strong>miseriis,</strong></span> <span class='ocrx_word' id='word_1_149' title='bbox 858 1567 1040 1611; x_wconf 86' lang='lat' dir='ltr'><strong>effecit‚ut</strong></span> <span class='ocrx_word' id='word_1_150' title='bbox 1055 1567 1169 1604; x_wconf 92' lang='lat' dir='ltr'><strong>ubivis</strong></span> <span class='ocrx_word' id='word_1_151' title='bbox 1179 1567 1308 1611; x_wconf 84' lang='lat' dir='ltr'><strong>tutius,</strong></span> 
     </span>
     <span class='ocr_line' id='line_1_21' title="bbox 235 1631 1307 1684; baseline -0.003 -14"><span class='ocrx_word' id='word_1_152' title='bbox 235 1648 341 1684; x_wconf 86' lang='lat' dir='ltr'><strong>quam</strong></span> <span class='ocrx_word' id='word_1_153' title='bbox 360 1634 395 1669; x_wconf 90' lang='lat' dir='ltr'><strong>in</strong></span> <span class='ocrx_word' id='word_1_154' title='bbox 416 1647 495 1670; x_wconf 90' lang='lat' dir='ltr'><strong>meo</strong></span> <span class='ocrx_word' id='word_1_155' title='bbox 516 1646 642 1684; x_wconf 85' lang='lat' dir='ltr'><strong>regno,</strong></span> <span class='ocrx_word' id='word_1_156' title='bbox 661 1646 786 1669; x_wconf 90' lang='lat' dir='ltr'><strong>essem.</strong></span> <span class='ocrx_word' id='word_1_157' title='bbox 845 1632 932 1683; x_wconf 90' lang='lat' dir='ltr'><strong>Ego</strong></span> <span class='ocrx_word' id='word_1_158' title='bbox 965 1631 1015 1669; x_wconf 87' lang='lat' dir='ltr'><strong>sic</strong></span> <span class='ocrx_word' id='word_1_159' title='bbox 1034 1631 1307 1676; x_wconf 82' lang='lat' dir='ltr'><strong>existumabam‚</strong></span> 
     </span>
     <span class='ocr_line' id='line_1_22' title="bbox 239 1696 1309 1746; baseline -0.003 -11"><span class='ocrx_word' id='word_1_160' title='bbox 239 1699 366 1736; x_wconf 76' lang='lat' dir='ltr'><strong>Patres</strong></span> <span class='ocrx_word' id='word_1_161' title='bbox 385 1696 593 1746; x_wconf 84' lang='lat' dir='ltr'><strong>conscripti,</strong></span> <span class='ocrx_word' id='word_1_162' title='bbox 613 1706 655 1733; x_wconf 91' lang='lat' dir='ltr'><strong>ut</strong></span> <span class='ocrx_word' id='word_1_163' title='bbox 669 1697 936 1746; x_wconf 84' lang='lat' dir='ltr'><strong>praedicantem</strong></span> <span class='ocrx_word' id='word_1_164' title='bbox 950 1696 1151 1733; x_wconf 88' lang='lat' dir='ltr'><strong>audiveram</strong></span> <span class='ocrx_word' id='word_1_165' title='bbox 1168 1704 1309 1744; x_wconf 86' lang='lat' dir='ltr'><strong>patrem</strong></span> 
     </span>
     <span class='ocr_line' id='line_1_23' title="bbox 234 1759 1308 1812; baseline -0.004 -12"><span class='ocrx_word' id='word_1_166' title='bbox 234 1777 355 1801; x_wconf 90' lang='lat' dir='ltr'><strong>meum</strong></span> <span class='ocrx_word' id='word_1_167' title='bbox 373 1778 382 1805; x_wconf 77' lang='grc' dir='ltr'>ς</span> <span class='ocrx_word' id='word_1_168' title='bbox 414 1763 475 1812; x_wconf 87' lang='lat' dir='ltr'><strong>qui</strong></span> <span class='ocrx_word' id='word_1_169' title='bbox 495 1771 647 1799; x_wconf 83' lang='lat' dir='ltr'><strong>vestram</strong></span> <span class='ocrx_word' id='word_1_170' title='bbox 665 1761 856 1798; x_wconf 85' lang='lat' dir='ltr'><strong>amicitiam</strong></span> <span class='ocrx_word' id='word_1_171' title='bbox 874 1760 1048 1804; x_wconf 86' lang='lat' dir='ltr'><strong>colerent,</strong></span> <span class='ocrx_word' id='word_1_172' title='bbox 1075 1774 1137 1797; x_wconf 87' lang='lat' dir='ltr'><strong>eos</strong></span> <span class='ocrx_word' id='word_1_173' title='bbox 1155 1759 1308 1796; x_wconf 81' lang='lat' dir='ltr'><strong>multum</strong></span> 
     </span>
     <span class='ocr_line' id='line_1_24' title="bbox 233 1825 1308 1876; baseline -0.005 -11"><span class='ocrx_word' id='word_1_174' title='bbox 233 1829 395 1870; x_wconf 83' lang='lat' dir='ltr'><strong>laborem</strong></span> <span class='ocrx_word' id='word_1_175' title='bbox 438 1828 629 1876; x_wconf 84' lang='lat' dir='ltr'><strong>suscipere,</strong></span> <span class='ocrx_word' id='word_1_176' title='bbox 671 1835 831 1874; x_wconf 85' lang='lat' dir='ltr'><strong>ceterum</strong></span> <span class='ocrx_word' id='word_1_177' title='bbox 861 1839 906 1861; x_wconf 88' lang='lat' dir='ltr'><strong>ex</strong></span> <span class='ocrx_word' id='word_1_178' title='bbox 940 1825 1105 1861; x_wconf 90' lang='lat' dir='ltr'><strong>omnibus</strong></span> <span class='ocrx_word' id='word_1_179' title='bbox 1143 1837 1308 1861; x_wconf 88' lang='lat' dir='ltr'><strong>maxume</strong></span> 
     </span>
     <span class='ocr_line' id='line_1_25' title="bbox 234 1887 1307 1941; baseline -0.007 -11"><span class='ocrx_word' id='word_1_180' title='bbox 234 1902 336 1930; x_wconf 84' lang='lat' dir='ltr'><strong>tutos</strong></span> <span class='ocrx_word' id='word_1_181' title='bbox 355 1906 443 1929; x_wconf 88' lang='lat' dir='ltr'><strong>esse.</strong></span> <span class='ocrx_word' id='word_1_182' title='bbox 502 1891 615 1941; x_wconf 80' lang='lat' dir='ltr'><strong>Quod</strong></span> <span class='ocrx_word' id='word_1_183' title='bbox 634 1891 668 1926; x_wconf 90' lang='lat' dir='ltr'><strong>in</strong></span> <span class='ocrx_word' id='word_1_184' title='bbox 689 1889 821 1927; x_wconf 88' lang='lat' dir='ltr'><strong>familia</strong></span> <span class='ocrx_word' id='word_1_185' title='bbox 847 1897 969 1932; x_wconf 81' lang='lat' dir='ltr'><strong>nostra</strong></span> <span class='ocrx_word' id='word_1_186' title='bbox 1000 1887 1084 1932; x_wconf 86' lang='lat' dir='ltr'><strong>fuit,</strong></span> <span class='ocrx_word' id='word_1_187' title='bbox 1111 1888 1307 1937; x_wconf 84' lang='lat' dir='ltr'><strong>praestitit,</strong></span> 
     </span>
     <span class='ocr_line' id='line_1_26' title="bbox 235 1951 1308 2000; baseline -0.006 -7"><span class='ocrx_word' id='word_1_188' title='bbox 235 1956 288 1994; x_wconf 84' lang='lat' dir='ltr'><strong>uti</strong></span> <span class='ocrx_word' id='word_1_189' title='bbox 320 1957 354 1993; x_wconf 89' lang='lat' dir='ltr'><strong>in</strong></span> <span class='ocrx_word' id='word_1_190' title='bbox 388 1956 554 1992; x_wconf 87' lang='lat' dir='ltr'><strong>omnibus</strong></span> <span class='ocrx_word' id='word_1_191' title='bbox 586 1954 688 1992; x_wconf 83' lang='lat' dir='ltr'><strong>bellis</strong></span> <span class='ocrx_word' id='word_1_192' title='bbox 721 1954 822 1991; x_wconf 88' lang='lat' dir='ltr'><strong>vobis</strong></span> <span class='ocrx_word' id='word_1_193' title='bbox 850 1954 1015 1990; x_wconf 85' lang='lat' dir='ltr'><strong>adessent</strong></span> <span class='ocrx_word' id='word_1_194' title='bbox 1033 1967 1042 1989; x_wconf 91' lang='lat'>:</span> <span class='ocrx_word' id='word_1_195' title='bbox 1073 1966 1138 1988; x_wconf 91' lang='lat' dir='ltr'><strong>nos</strong></span> <span class='ocrx_word' id='word_1_196' title='bbox 1157 1951 1210 1987; x_wconf 88' lang='lat' dir='ltr'><strong>uti</strong></span> <span class='ocrx_word' id='word_1_197' title='bbox 1243 1966 1308 2000; x_wconf 82' lang='lat' dir='ltr'><strong>per</strong></span> 
     </span>
     <span class='ocr_line' id='line_1_27' title="bbox 233 2018 1310 2066; baseline -0.006 -6"><span class='ocrx_word' id='word_1_198' title='bbox 233 2024 348 2061; x_wconf 85' lang='lat' dir='ltr'><strong>otium</strong></span> <span class='ocrx_word' id='word_1_199' title='bbox 367 2023 439 2060; x_wconf 90' lang='lat' dir='ltr'><strong>tuti</strong></span> <span class='ocrx_word' id='word_1_200' title='bbox 465 2023 585 2066; x_wconf 87' lang='lat' dir='ltr'><strong>simus,</strong></span> <span class='ocrx_word' id='word_1_201' title='bbox 613 2022 648 2058; x_wconf 91' lang='lat' dir='ltr'><strong>in</strong></span> <span class='ocrx_word' id='word_1_202' title='bbox 680 2035 784 2058; x_wconf 90' lang='lat' dir='ltr'><strong>manu</strong></span> <span class='ocrx_word' id='word_1_203' title='bbox 815 2030 932 2056; x_wconf 84' lang='lat' dir='ltr'><strong>vestra</strong></span> <span class='ocrx_word' id='word_1_204' title='bbox 962 2027 1030 2062; x_wconf 87' lang='lat' dir='ltr'><strong>est,</strong></span> <span class='ocrx_word' id='word_1_205' title='bbox 1063 2018 1188 2055; x_wconf 83' lang='lat' dir='ltr'><strong>Patres</strong></span> <span class='ocrx_word' id='word_1_206' title='bbox 1221 2031 1310 2059; x_wconf 63' lang='lat' dir='ltr'><strong>con-&gt;</strong></span> 
     </span>
     <span class='ocr_line' id='line_1_28' title="bbox 234 2081 1309 2138; baseline -0.007 -13"><span class='ocrx_word' id='word_1_207' title='bbox 234 2088 373 2138; x_wconf 74' lang='lat' dir='ltr'><strong>scripti.</strong></span> <span class='ocrx_word' id='word_1_208' title='bbox 436 2088 545 2125; x_wconf 84' lang='lat' dir='ltr'><strong>Pater</strong></span> <span class='ocrx_word' id='word_1_209' title='bbox 577 2100 642 2123; x_wconf 89' lang='lat' dir='ltr'><strong>nos</strong></span> <span class='ocrx_word' id='word_1_210' title='bbox 661 2086 753 2122; x_wconf 89' lang='lat' dir='ltr'><strong>duos</strong></span> <span class='ocrx_word' id='word_1_211' title='bbox 786 2084 914 2121; x_wconf 83' lang='lat' dir='ltr'><strong>fratres</strong></span> <span class='ocrx_word' id='word_1_212' title='bbox 946 2081 1090 2132; x_wconf 86' lang='lat' dir='ltr'><strong>reliquit</strong></span> <span class='ocrx_word' id='word_1_213' title='bbox 1109 2097 1118 2126; x_wconf 93' lang='lat'>;</span> <span class='ocrx_word' id='word_1_214' title='bbox 1159 2081 1309 2118; x_wconf 89' lang='lat' dir='ltr'><strong>tertium</strong></span> 
     </span>
     <span class='ocr_line' id='line_1_29' title="bbox 232 2147 1308 2208; baseline -0.012 -16"><span class='ocrx_word' id='word_1_215' title='bbox 232 2154 467 2208; x_wconf 78' lang='lat' dir='ltr'><strong>Jugurtham,</strong></span> <span class='ocrx_word' id='word_1_216' title='bbox 495 2150 678 2204; x_wconf 81' lang='lat' dir='ltr'><strong>beneficiis</strong></span> <span class='ocrx_word' id='word_1_217' title='bbox 707 2150 777 2187; x_wconf 76' lang='lat' dir='ltr'><strong>suis</strong></span> <span class='ocrx_word' id='word_1_218' title='bbox 809 2158 907 2187; x_wconf 87' lang='lat' dir='ltr'><strong>ratus</strong></span> <span class='ocrx_word' id='word_1_219' title='bbox 939 2147 1042 2184; x_wconf 85' lang='lat' dir='ltr'><strong>uobis</strong></span> <span class='ocrx_word' id='word_1_220' title='bbox 1072 2147 1308 2196; x_wconf 68' lang='lat' dir='ltr'><strong>conjunctum</strong></span> 
     </span>
    </p>
   </div>
  </div>
 </body>
</html>
