1497 2689
238 293 311 329 138
427 288 742 327 SALLUSTII
771 288 1114 329 JUGURTHA.

230 403 322 439 alius
341 401 614 452 adgrederetur,
642 415 707 450 per
725 401 885 439 inducias
907 401 1136 452 sponsionem
1156 397 1311 443 faciunt,

236 467 290 505 uti
319 475 420 504 certo
449 466 505 502 die
533 465 646 516 legati
675 465 784 502 domo
813 466 1153 515 proficiscerentur;
1182 478 1257 515 quo
1275 461 1311 500 in

235 531 319 568 loco
348 530 442 567 inter
467 544 503 567 se
533 529 628 566 obvii
657 528 821 573 fuissent,
848 529 878 566 is
903 530 1102 567 communis
1121 529 1313 578 utriusque

239 593 367 645 populi
388 593 467 630 finis
486 593 692 630 haberetur.
753 593 877 644 Igitur
905 593 1129 645 Carthagine
1149 593 1223 629 duo
1243 591 1315 628 fra·

237 669 312 697 tres
333 658 441 702 missi,
472 658 602 709 quibus
622 671 750 694 nomen
773 656 953 695 Philaenis
971 667 1062 702 erat,
1091 667 1315 695 maturavere

241 724 311 761 iter
329 736 506 773 pergere:
538 722 762 772 Cyrenenses
783 721 919 758 tardius
933 721 1017 758 iere.
1076 722 1122 758 Id
1137 720 1318 759 secordia-

241 802 299 831 ne,
319 800 363 823 an
379 799 478 830 casu,
493 785 680 829 acciderit,
692 799 820 835 parum
835 786 1004 837 cognovi.
1035 785 1209 823 Ceterum
1225 783 1318 821 solet

241 853 276 889 in
296 851 364 888 illis
384 851 473 888 locis
488 859 686 900 tempestas
705 850 804 886 haud
823 864 939 894 secus,
959 860 1069 900 atque
1088 850 1125 886 in
1144 849 1246 893 mari,
1265 863 1320 886 re·

243 917 369 954 tinere.
429 915 525 952 Nam
543 914 618 958 ubi,
639 929 704 964 per
722 913 803 952 loca
822 914 984 965 aequalia
998 924 1035 952 et
1050 914 1148 953 nuda
1166 914 1322 965 gignen-

243 979 348 1023 tium,
382 988 510 1016 ventus
543 987 692 1015 coortus
725 992 867 1016 arenam
900 979 1013 1016 humo
1045 978 1233 1022 excitavit,
1265 991 1321 1022 ea,

245 1057 376 1095 magna
394 1042 428 1079 vi
456 1042 608 1094 agitata,
636 1056 699 1080 ora
726 1042 926 1094 oculosque
951 1043 1100 1093 implere
1121 1042 1242 1088 solet;
1271 1043 1322 1080 ita

243 1117 445 1158 prospectu
463 1107 655 1157 impedito,
675 1107 805 1143 morari
819 1107 899 1144 iter.
959 1108 1162 1157 Postquam
1182 1107 1324 1156 Cyren-

245 1187 346 1210 enses
365 1171 549 1222 aliquanto
569 1171 789 1221 posteriores
810 1186 846 1208 se
865 1172 1002 1216 vident,
1023 1181 1060 1209 et
1079 1172 1128 1209 ob
1148 1186 1224 1209 rem
1243 1185 1325 1209 cor-

246 1246 393 1287 ruptam
413 1236 511 1273 domi
530 1249 664 1285 poenas
684 1244 851 1273 metuunt
869 1251 880 1280 3
909 1235 1101 1280 criminari,
1126 1236 1325 1287 Carthagi-

247 1301 398 1344 nienses,
414 1309 496 1337 ante
509 1309 654 1349 tempus
665 1299 774 1335 domo
791 1299 984 1351 digressos,
1000 1300 1218 1337 conturbare
1229 1313 1323 1338 rem:

249 1365 403 1415 denique
423 1364 542 1401 omnia
564 1363 682 1407 malle,
712 1377 821 1413 quam
841 1364 927 1401 victi
955 1364 1066 1402 abire.
1125 1365 1213 1408 Sed,
1241 1378 1326 1401 cum

250 1428 364 1467 Poeni
384 1428 488 1465 aliam
508 1427 769 1470 conditionem,
796 1428 1049 1465 tantummodo
1070 1442 1235 1477 aequam,
1264 1443 1329 1478 pee-

251 1502 381 1537 terent,
405 1481 550 1531 'Graeci
575 1491 763 1541 optionem
791 1492 1154 1544 Carthaginiensium
1173 1492 1327 1537 faciunt,

249 1557 307 1594 vel
324 1557 388 1601 illi,
417 1570 509 1606 quos
529 1555 767 1607 finis‘populo
784 1570 848 1593 suo
867 1566 1050 1606 peterent,
1069 1557 1120 1594 ibi
1134 1556 1204 1594 vivi
1218 1558 1330 1594 obru-

250 1631 398 1660 erentur
415 1636 425 1667 ;
455 1620 510 1658 vel
529 1621 653 1657 eadem
677 1620 887 1657 conditione
907 1635 995 1665 sese,
1024 1635 1132 1671 quem
1150 1621 1186 1658 in
1205 1621 1329 1658 locum

251 1686 397 1731 vellent,
425 1699 669 1736 processurOS.
728 1684 904 1728 Philaeni,
924 1686 1132 1723 conditione
1159 1688 1331 1737 probata,

251 1765 361 1801 seque
394 1750 578 1799 vitamque
612 1748 830 1798 reipublicae
864 1750 1137 1788 condonavere:
1177 1751 1229 1788 ita
1261 1751 1331 1787 vivi

252 1815 388 1852 obruti.
446 1813 765 1864 Carthaginienses
784 1813 819 1849 in
839 1828 882 1851 eo
901 1813 983 1851 loco
1010 1814 1192 1852 Philaenis
1211 1815 1333 1852 fratri-

252 1881 321 1918 bus
355 1894 432 1916 aras
465 1891 717 1916 consecravere
735 1893 745 1922 ;
788 1877 920 1928 aliique
952 1878 1019 1916 illis
1050 1879 1148 1916 domi
1176 1880 1345 1917 honores*

253 1944 425 1982 instituti.
484 1943 593 1982 Nunc
613 1942 660 1978 ad
680 1956 755 1979 rem
783 1943 904 1980 redeo.

310 2073 487 2110 LXXX.
527 2073 785 2115 hicum-HA,
812 2073 1177 2122 postqumn‚·amissa
1197 2072 1335 2117 Thala,

256 2136 345 2175 nihil
364 2137 448 2175 satis
469 2136 612 2174 firmum
630 2145 759 2174 contra
782 2135 979 2175 Metellum
997 2146 1120 2188 putat,
1148 2151 1212 2188 per
1233 2151 1348 2189 mag.-·
