1497 2689
263 274 336 310 1⁴26
456 271 769 311 SALLUSTII
799 273 1138 313 JUGURTHA.

256 383 423 420 tubernio
442 384 553 432 patris
573 385 706 421 ibidem
719 385 909 431 militabat,
928 400 1039 423 annos
1059 395 1163 422 natus
1182 385 1328 424 circiter-

255 460 316 483 XX.
340 461 431 496 quae
450 461 504 484 res
525 448 698 491 Marium,
718 463 800 485 cum
820 464 886 499 pro
906 451 1054 493 honore,
1076 463 1184 499 quem
1203 449 1326 487 adfec-

254 511 370 554 tabat,
383 522 461 547 tum
477 521 603 548 contra
624 511 832 557 Metellum,
852 514 1079 551 vehementer
1093 514 1320 550 accenderat.

256 575 316 612 Ita
335 576 504 625 cupidine
523 586 633 625 atque
648 577 711 620 ira,
732 578 908 626 pessumis
927 578 1208 621 consultoribus,
1225 591 1327 630 gras-

254 640 349 685 sari3
379 654 494 690 neque
514 640 613 677 facto
634 641 708 677 ullo
729 655 845 691 neque
874 643 974 679 dicto
1001 643 1192 686 abstinere,
1225 642 1327 692 quod

252 706 362 742 modo
383 706 614 742 ambit10sum
634 705 729 742 foret
746 721 756 742 ε
787 705 929 750 milites,
961 706 1093 756 quibus
1112 707 1147 742 in
1167 707 1325 744 hibernis

253 779 428 818 praeerat,
449 769 583 806 laxiore
602 770 766 819 imperio,
787 784 895 819 quam
911 779 1029 814 antea,
1049 770 1179 807 habere
1195 785 1203 807 :
1227 769 1329 819 apud

254 833 512 883 negotiatores,
534 847 689 882 quorum
709 847 842 884 magna
860 833 1059 870 multitudo
1081 834 1216 871 Uticae
1235 842 1328 876 erat,

252 897 479 933 crimininose
500 896 605 933 simul
624 907 661 933 et
681 898 872 949 magnifice
893 899 936 935 de
956 898 1051 935 bello
1071 897 1199 948 loqui:
1222 897 1328 934 dimi-

252 960 309 996 dia
328 974 410 1009 pars
429 961 610 997 exercitus
640 961 706 998 sibi
727 962 1012 1011 permitteretur,
1046 962 1170 1012 paucis
1199 961 1326 999 diebus

251 1025 273 1062 J
277 1025 474 1074 ugurtham
507 1025 541 1060 in
576 1025 710 1061 catenis
742 1024 949 1063 habiturum
973 1042 982 1064 ε
1026 1028 1070 1063 ab
1107 1027 1325 1075 imperatore

252 1088 419 1125 consulto
450 1089 558 1132 trahi,
591 1089 705 1138 quod,
735 1089 845 1126 homo
865 1091 978 1127 inanis
997 1100 1034 1128 et
1056 1091 1176 1142 regiae
1202 1104 1328 1140 super-

250 1153 342 1196 biae,
373 1152 523 1202 imperio
554 1153 657 1189 nimis
682 1155 870 1204 gauderet.
929 1157 1034 1205 Quae
1054 1155 1172 1191 omnia
1190 1154 1260 1191 illis
1280 1169 1324 1191 eo

250 1217 407 1253 firmiora
426 1216 652 1260 videbantur,
674 1218 774 1266 quod
789 1218 1027 1256 diuturnitate
1047 1218 1132 1255 belli
1148 1233 1202 1255 res
1223 1217 1327 1255 fami-

251 1282 345 1318 liaris
365 1290 615 1331 corruperant,
639 1290 676 1317 et
695 1282 813 1319 animo
833 1285 995 1333 cupienti
1015 1284 1104 1321 nihil
1123 1284 1207 1321 satis
1227 1283 1328 1321 festi-

252 1355 370 1382 natur.

305 1476 436 1513 LXV.
460 1475 582 1512 ERAT
599 1483 784 1523 praeterea
798 1476 833 1512 in
849 1477 1013 1514 exercitu
1025 1486 1150 1513 nostro
1164 1476 1325 1514 Numida

252 1541 412 1590 quidam,
429 1539 571 1575 nomine
589 1539 736 1582 Gauda,
759 1540 1021 1578 Mastanabalis
1034 1541 1141 1588 filius,
1158 1541 1327 1578 Masinis-

251 1620 307 1642 sae
328 1619 454 1654 nepos,
487 1617 595 1653 quem
622 1603 780 1653 Micipsa
810 1613 1027 1642 testamento
1049 1605 1246 1642 secundum
1266 1605 1328 1641 he-

250 1670 369 1706 redem
391 1669 595 1717 scripserat,
616 1668 750 1704 morbis
770 1669 973 1714 confectus,
1002 1679 1039 1706 et
1059 1670 1106 1706 ob
1127 1683 1204 1706 eam
1223 1683 1327 1706 caus-

250 1748 323 1770 sam
337 1742 454 1770 mente
470 1731 630 1782 paullum
643 1732 842 1770 imminuta.
879 1734 950 1771 Cui
966 1732 1156 1775 Metellus,
1170 1733 1327 1783 petenti,

249 1812 349 1837 more
379 1811 506 1848 regum
537 1797 591 1833 uti
622 1796 743 1833 sellam
763 1799 870 1848 juxta
895 1807 1060 1847 poneret,
1092 1798 1180 1834 item
1200 1807 1327 1847 postea

249 1862 435 1899 custodiae
464 1874 588 1897 caussa
617 1869 773 1897 turmam
792 1862 956 1911 equitum
990 1862 1252 1905 Romanorum,
1283 1876 1327 1898 u-

249 1936 417 1975 trumque
447 1934 667 1976 negaverat3
707 1925 894 1970 honorem,
926 1926 1026 1975 quod
1055 1940 1180 1962 eorum
1211 1926 1324 1962 modo

250 1991 359 2034 foret,
391 2005 482 2040 quos
513 1989 670 2039 populus
705 1989 892 2027 Romanus
918 2004 1021 2041 reges
1046 1989 1325 2040 adpellavisset;

250 2055 480 2104 praesidium,
496 2054 595 2103 quod
611 2053 911 2090 contumeliosum
927 2055 962 2090 in
978 2068 1039 2091 eos
1055 2053 1163 2097 foret,
1184 2054 1212 2090 si
1227 2053 1327 2105 equi-

251 2129 305 2155 tes
329 2119 485 2156 Romani
521 2118 691 2155 satellites
713 2118 892 2155 Numidae
912 2119 1150 2156 traderentur.
1200 2118 1325 2178 ’Hunc
