1497 2689
154 287 205 322 48
361 283 674 322 SALLUSTH
705 284 1010 324 CATILINA.

155 395 225 432 hoe
253 395 453 440 consilium,
483 396 510 432 si
539 396 738 445 periculum
767 411 812 434 ex
839 397 907 435 illis
931 398 1089 436 metuit:
1121 400 1172 435 sin
1192 397 1227 435 in

155 470 259 498 tanto
278 462 437 497 omnium
458 470 557 498 metu
577 461 672 498 solus
692 476 763 498 non
782 463 901 507 timet,
920 477 964 500 eo
985 463 1099 515 magis
1119 460 1230 501 refert

155 526 241 562 mihi
255 534 363 575 atque
380 526 480 562 vobis
495 526 631 562 timere.
680 527 817 576 Quare,
832 540 915 564 cum
934 528 979 564 de
999 528 1042 565 P.
1065 527 1236 565 Lentulo'

155 591 354 641 ceterisque
383 591 562 634 statuetis,
591 604 658 640 pro
686 600 788 628 certo
816 591 1004 636 habetote,
1032 606 1096 628 vos
1124 591 1230 629 simul

154 655 200 691 de
227 655 389 692 exercitu
418 654 595 692 Catilinae
622 663 660 691 et
689 654 734 692 de
761 654 927 692 omnibus
954 656 1148 707 conjuratis
1167 656 1231 693 de-

155 731 310 756 cernere.
368 720 521 769 Quanto
540 733 602 756 vos
622 719 797 756 attentius
817 733 858 756 ea
876 720 1008 771 agetis,
1036 728 1141 757 tanto
1160 720 1230 757 illis

154 782 290 819 animus
317 782 491 820 infirmior
522 783 616 820 erit:
648 784 675 819 si
706 782 906 833 paullulum
934 785 1044 821 modo
1063 799 1126 821 vos
1153 784 1231 821 lan-⁴

154 862 266 897 gnere
287 847 452 891 viderint,
477 850 551 899 jam
569 861 693 884 omnes
711 847 851 885 feroces
879 849 1044 885 aderunt.
1103 848 1229 886 Nolite

153 912 383 955 existumare,
416 914 566 963 majores
595 922 739 949 nostros
766 913 872 949 armis
899 913 1158 963 rempublicam
1184 928 1229 951 ex

153 989 260 1025 parva
279 989 445 1027 magnam
470 974 610 1013 fecisse.
669 976 708 1014 Si
726 977 777 1013 ita
795 991 850 1014 res
869 985 975 1022 esset,
1004 976 1121 1014 multo
1148 977 1232 1027 pul-

154 1040 378 1077 cherrumam
406 1054 483 1076 eam
516 1054 580 1077 nos
612 1041 850 1079 haberemus:
882 1042 1018 1093 quippe
1050 1041 1229 1079 sociorum

153 1113 262 1154 atque
293 1105 438 1148 civium,
471 1114 656 1155 praeterea
682 1119 864 1143 armorum
896 1116 1007 1156 atque
1039 1121 1230 1157 equorum,

153 1171 265 1220 major
291 1169 393 1205 uobis
421 1169 530 1218 copia
545 1183 653 1219 quam
679 1169 759 1207 illis.
819 1171 892 1207 Sed
911 1170 978 1207 alia
997 1170 1109 1216 fuere,
1139 1185 1229 1221 quae

152 1231 231 1269 illos
252 1247 401 1283 magnos
420 1232 550 1277 fecere,
571 1247 662 1283 quae
681 1234 784 1270 nobis
804 1234 900 1271 nulla
919 1243 1002 1271 sunt
1020 1250 1029 1272 :
1060 1235 1158 1271 domi
1177 1234 1231 1271 in-

153 1297 303 1341 dustria,
323 1297 410 1333 foris
424 1299 562 1348 justum
577 1298 778 1347 imperium,
797 1299 935 1335 animus
952 1298 987 1334 in
1007 1298 1230 1336 consulendo

153 1361 255 1405 liber,
284 1370 400 1410 neque
427 1360 562 1398 delicto
589 1376 706 1412 neque
731 1361 883 1399 lubidini
907 1363 1098 1400 obnoxius.
1156 1364 1230 1401 Pro

153 1426 207 1463 his
233 1440 297 1463 nos
317 1426 489 1463 habemus
508 1427 685 1463 luxuriam
711 1435 821 1476 atque
849 1427 1058 1472 avaritiam3
1086 1427 1231 1477 publice

154 1500 368 1543 egestatem,
396 1491 562 1541 privatim
581 1491 829 1540 opulentiam:
859 1490 1048 1528 laudamus
1075 1491 1231 1539 divitias,

155 1556 336 1606 sequimur
361 1557 554 1601 inertiam;
583 1556 676 1593 inter
703 1556 818 1592 bonos
845 1564 882 1592 et
911 1555 1023 1592 malos
1041 1555 1231 1594 discrimen

154 1622 322 1668 nullum3
361 1622 480 1658 omnia
512 1621 655 1658 virtutis
686 1621 842 1670 praemia
872 1620 1022 1657 ambitio
1054 1621 1237 1670 possidet.r

132 1727 139 1735 s
156 1688 286 1737 Neque
306 1688 433 1723 mirum
452 1702 462 1732 3
491 1686 554 1723 ubi
574 1700 636 1722 vos
665 1685 856 1735 separatim
886 1683 952 1721 sibi
972 1684 1124 1734 quisque
1143 1700 1232 1723 con-

154 1751 268 1788 silium
297 1751 438 1801 capitis,
468 1750 529 1787 ubi
556 1749 654 1786 domi
678 1748 941 1798 voluptatibus,
969 1748 1028 1784 hie
1056 1749 1229 1798 pecuniae

154 1824 216 1852 aut
237 1816 373 1867 gratiae
394 1815 530 1852 servitis
547 1829 556 1852 :
587 1828 630 1851 eo
646 1814 701 1856 fit,
721 1822 763 1849 ut
777 1812 934 1866 impetus
949 1813 1012 1850 fiat
1031 1812 1066 1849 in
1082 1826 1229 1850 vacuam

154 1879 423 1929 rempublicam.
484 1879 558 1915 Sed
584 1892 655 1930 ego
678 1878 766 1914 haec
786 1877 931 1913 omitto.
989 1877 1231 1928 Conjuravere

155 1944 375 1981 nobilissumi
396 1944 488 1980 cives
509 1943 660 1993 patriam
680 1941 868 1978 incendere
887 1956 896 1978 :
929 1940 1121 1979 Gallorum
1140 1956 1231 1992 gen-

154 2010 229 2045 tem
248 2008 525 2045 infestissumam
544 2007 678 2044 nomini
702 2006 869 2043 Romano
888 2005 933 2042 ad
960 2004 1096 2042 bellum
1114 2018 1239 2056 arces-⁴

155 2082 238 2111 sunt
257 2089 265 2111 :
293 2073 365 2110 dux
387 2073 547 2110 hostium
567 2086 674 2122 supra
692 2079 804 2120 caput
821 2078 876 2107 est
894 2085 902 2107 :
929 2083 992 2106 vos
1011 2070 1232 2107 cunctamini

155 2138 262 2174 etiam
276 2137 480 2187 nunc7quid
494 2137 588 2174 intra
601 2135 740 2174 moenia
753 2134 982 2185 adprehensis
996 2134 1163 2172 hostibus
1177 2133 1240 2171 faa·
