1497 2689
200 283 251 320 92
385 281 697 321 SALLUSTII
731 280 1072 323 JUGURTHA.

195 392 326 437 fecere,
346 393 398 430 uti
420 403 546 430 contra
561 394 703 445 injurias
719 394 844 430 armati
859 394 959 431 eatis.
992 392 1094 431 Nihil
1109 391 1156 436 vi,
1172 390 1259 429 nihil

195 459 390 495 secessione
410 472 527 508 opus;
548 472 688 495 necesse
707 467 776 502 est,
797 467 936 495 suomet
956 458 1022 506 ipsi
1042 470 1139 493 more
1159 470 1260 505 prae-

193 522 322 571 cipites
352 532 446 559 caut.
506 521 641 559 Occiso
672 521 822 558 Tiberio
855 522 1015 566 Gracco,
1045 535 1152 571 quern
1177 535 1261 572 reg-

192 600 278 622 num
311 601 433 636 parare
466 587 622 629 aiebant,
655 585 689 622 in
724 585 867 635 plebem
903 586 1103 622 Romanam
1134 598 1260 634 quaes-

191 650 308 688 tiones
336 651 478 688 habitae
498 659 604 688 sunt:
635 659 719 700 post
749 650 793 688 C.
826 649 962 688 Gracci
988 659 1024 686 et
1054 649 1110 687 M.
1141 648 1258 686 Fulvii

191 717 336 752 caedem
365 716 450 752 item
479 715 585 752 multi
612 715 718 751 vestri
747 715 880 751 ordinis
906 715 942 751 in
970 729 1110 752 carcere
1139 715 1257 752 necati

190 790 301 819 sunt:
333 781 519 830 utriusque
549 779 658 817 cladis
689 793 759 816 non
790 779 861 823 leit,
892 793 1014 816 verum
1043 778 1168 816 lubido
1197 793 1259 816 eo-

188 859 281 889 rum,
312 845 416 881 finem
449 843 549 880 fecit.
624 843 697 880 Sed
730 856 811 879 sane
844 842 953 880 fuerit
985 843 1086 893 regni
1118 842 1257 891 paratio

187 908 286 958 plebi
307 922 368 945 sua
387 907 574 945 restituere
591 922 600 944 ε
631 907 808 956 quidquid
837 907 910 943 sine
934 906 1105 957 sanguine
1126 906 1257 943 civium

188 974 314 1010 ulcisci
333 973 514 1023 nequitur,
538 974 618 1024 jure
638 971 775 1008 factum
796 972 853 1008 sit.
914 971 1166 1020 Superioribus
1194 985 1256 1008 an-

186 1038 240 1075 nis
258 1037 361 1074 taciti
380 1035 673 1087 indignabamini,
693 1036 866 1073 aerarium
884 1035 1035 1085 expilari
1054 1051 1064 1081 ;
1094 1049 1197 1086 reges
1216 1044 1254 1072 et

185 1102 342 1152 populos
371 1101 501 1138 liberos
529 1099 653 1150 paucis
681 1099 861 1137 nobilibus
884 1100 1041 1151 vectigal
1068 1100 1254 1149 pendere3

184 1180 294 1216 penes
313 1166 457 1202 eosdem
476 1173 513 1201 et
537 1177 710 1200 summam
739 1163 889 1214 gloriam
909 1173 946 1200 et
965 1177 1148 1200 maxumas
1168 1163 1256 1200 divi-

185 1231 252 1267 tias
266 1245 359 1268 esse:
382 1238 502 1266 tamen
518 1229 606 1265 haec
621 1227 707 1264 talia
721 1227 879 1265 facinora
894 1228 1038 1277 impune
1059 1228 1255 1277 suscepisse

183 1310 311 1346 parum
332 1296 487 1331 habuere
503 1309 512 1338 ;
533 1293 655 1342 itaque
670 1301 854 1342 postremo
869 1292 982 1343 leges,
1001 1294 1164 1343 majestas
1179 1306 1255 1329 ves-

184 1370 254 1404 tra,
283 1360 401 1396 divina
419 1367 457 1395 et
477 1358 631 1394 humana
657 1356 787 1400 omnia,
816 1356 983 1393 hostibus
1002 1356 1135 1393 tradita
1155 1365 1251 1393 sunt.

185 1424 316 1473 Neque
336 1437 411 1467 eos,
440 1422 502 1471 qui
521 1421 652 1464 fecere,
680 1420 796 1470 pudet
815 1430 876 1458 aut
897 1421 1060 1470 poenitet
1078 1436 1087 1458 ι
1120 1422 1182 1459 sed
1200 1421 1254 1458 in-

183 1488 319 1526 cedunt
338 1501 402 1537 per
421 1499 483 1522 ora
497 1493 614 1522 vestra
628 1483 833 1535 magnifice,
854 1484 1053 1522 sacerdotia
1067 1493 1103 1521 et
1124 1499 1254 1522 consu-

182 1552 291 1596 latus,
306 1565 387 1601 pars
402 1549 606 1599 triumphos
620 1562 715 1592 suos,
728 1557 972 1587 ostentantes:
990 1549 1151 1598 perinde,
1164 1564 1254 1600 qua·

182 1616 211 1653 si
231 1615 373 1659 honori,
402 1628 472 1650 non
492 1613 661 1663 praedae,
682 1612 850 1650 habeant.
911 1613 1010 1651 Servi
1029 1627 1108 1650 aere
1136 1615 1252 1663 parati

179 1680 330 1729 imperia
349 1679 478 1730 injusta
498 1677 724 1713 dominorum
744 1691 813 1713 non
834 1677 1038 1727 perferunt:
1062 1692 1137 1722 vos,
1158 1679 1252 1729 Qui-

181 1746 279 1788 rites,
299 1743 449 1793 imperio
469 1742 556 1787 nati,
577 1755 692 1791 aequo
712 1742 830 1779 animo
848 1743 1055 1780 servitutem
1074 1742 1249 1781 toleratis.

181 1810 243 1846 At
263 1808 326 1859 qui
347 1817 429 1844 sunt
449 1807 499 1851 hi,
528 1806 589 1856 qui
617 1806 876 1855 rempublicam
903 1808 1157 1857 occupavere?
1184 1808 1252 1846 ho-

180 1874 292 1910 mines
321 1870 606 1914 sceleratissumi,
639 1870 796 1907 cruentis
828 1871 1004 1915 manibus,
1036 1871 1180 1908 immani
1213 1886 1252 1910 a-

181 1937 317 1980 varitia,
349 1933 618 1978 nocentissumi,
651 1934 821 1985 idemque
849 1936 1133 1984 superbissumi3
1167 1939 1249 1988 quis

181 2001 283 2044 fides,
321 2000 444 2043 decus,
481 1999 610 2048 pietas,
648 2008 832 2048 postremo
870 1999 1022 2036 honesta
1054 2008 1163 2050 atque
1195 2000 1251 2037 in.

179 2066 332 2103 honesta
368 2064 499 2108 omnia,
546 2063 711 2113 quaestui
748 2072 844 2100 sunt.
901 2064 988 2102 Pars
1024 2078 1148 2101 eorum
1185 2079 1248 2102 oc-

181 2129 308 2169 cidisse
344 2129 509 2167 tribunos
545 2126 674 2178 plebis,
720 2126 779 2164 alii
815 2128 1042 2178 quaestiones
1087 2128 1250 2181 injustaS,
