1451 2719
352 289 664 330 SALLUSTII
694 290 716 329 J
719 287 1034 328 UGURTHA.
1150 292 1225 331 173

154 403 300 447 doctu&
326 413 522 453 properato
551 402 689 446 itinere,
718 410 802 451 post
821 401 916 438 diem
942 410 1112 438 octavum
1131 400 1224 439 redit

153 468 201 514 ad
217 467 420 512 Bocchum,
434 475 470 504 et
486 468 517 504 ei
534 467 693 511 nunciat,
709 467 730 504 J
735 466 930 517 ugurtham
945 480 1077 517 cupere
1092 466 1225 510 omnia,

155 545 247 582 quae
266 531 538 582 imperarentur,
562 530 679 568 facem
697 546 707 575 ;
737 530 798 567 sed
829 529 948 567 Mario
968 543 1094 580 parum
1113 530 1227 566 confi-

155 595 266 642 dere:
296 609 400 646 saepe
419 605 523 632 antea
542 609 625 632 cum
653 594 929 644 imperatoribus
963 594 1135 632 Romanis
1164 607 1229 643 pa·

155 673 233 698 cem
253 669 466 697 conventam
487 659 619 696 frustra
634 657 753 695 fuisse.
802 658 988 701 Ceterum,
1007 658 1036 695 si
1051 658 1229 695 ambobus

155 722 361 761 consultum
380 733 417 760 et
437 733 551 760 ratam
581 736 707 772 pacem
727 720 846 765 vellet,
876 722 978 759 daret
997 736 1156 772 operam,
1186 731 1229 760 ut

156 800 227 824 una
246 788 290 824 ab
310 786 490 830 omnibus,
519 788 619 836 quasi
640 787 684 823 de
704 799 807 836 pace,
835 786 870 822 in
890 785 1113 836 colloquium
1134 787 1230 824 veui-

156 860 270 894 retur,
287 839 493 900 ibique⁶sibi
517 849 653 887 Sullam
671 850 828 886 traderet
846 864 855 887 ε
885 863 968 886 cum
986 849 1095 887 talem
1116 850 1229 887 virum

155 913 191 950 in
212 923 431 964 potestatem
451 913 613 956 haberet,
642 912 734 957 fore,
763 914 815 950 uti
833 916 935 964 jussu
956 923 1098 951 senatus
1117 923 1231 964 atque

156 977 284 1027 populi
308 976 464 1014 Romani
485 976 612 1014 foedus
628 976 753 1014 fieret:
789 991 903 1026 neque
924 977 1105 1014 hominem
1125 977 1231 1014 nobi-

156 1040 241 1085 lem,
260 1055 329 1078 non
351 1055 413 1078 sua
432 1041 586 1093 ignavia,
611 1041 673 1078 sed
691 1041 740 1078 ob
760 1041 1032 1092 rempublicam,
1059 1042 1096 1080 in
1115 1042 1230 1080 hosti-

158 1117 219 1141 um
237 1113 420 1155 potestate
439 1105 605 1142 relictum
624 1105 678 1142 iri.

211 1231 372 1271 CXIII.
403 1231 529 1270 HAEC
560 1231 714 1270 Maurus
741 1247 863 1271 secum
891 1233 967 1283 ipse
996 1234 1058 1271 diu
1086 1233 1230 1271 volvens

157 1297 303 1334 tandem
333 1297 526 1347 promisit;
572 1306 733 1334 ceterum
765 1297 865 1342 dolo,
898 1311 941 1334 an
974 1312 1069 1343 vere,
1102 1312 1232 1348 parum

158 1360 412 1411 comperimus.
444 1361 518 1398 Sed
549 1360 760 1412 plerumque
791 1362 909 1413 regiae
938 1361 1156 1406 voluntates,
1190 1371 1231 1399 ut

158 1425 399 1469 vehementes,
428 1425 477 1462 sic
505 1425 668 1470 mobiles,
696 1438 801 1476 saepe
827 1426 924 1475 ipsae
952 1427 1018 1463 sibi
1046 1427 1231 1464 advorsae.

161 1489 308 1533 Postea,
324 1499 501 1538 tempore,
519 1499 557 1526 et
577 1488 659 1526 loco
678 1491 895 1536 constituto,
929 1491 986 1541 [in
1008 1490 1233 1542 colloquium

160 1555 214 1591 uti
234 1554 278 1592 de
298 1568 386 1605 pace
406 1555 609 1602 veniretur]
636 1554 806 1591 Bocchus
827 1554 964 1592 Sullam
979 1556 1102 1600 modo,
1122 1556 1235 1592 modo

159 1619 365 1671 =Iugurthae
384 1618 547 1670 legatum
565 1618 759 1668 adpellare,
787 1619 943 1670 benigne
962 1620 1108 1664 habere,
1137 1620 1234 1657 idem

159 1684 337 1720 ambobus
356 1682 531 1733 polliceri.
591 1682 648 1720 Illi
678 1683 811 1732 pariter
829 1683 927 1728 laeti,
956 1697 997 1721 ac
1019 1684 1094 1734 spei
1116 1684 1233 1721 bonae

159 1747 269 1797 pleni.
328 1747 401 1784 Sed
420 1756 527 1783 nocte
548 1760 602 1790 ea,
631 1760 723 1796 quae
743 1760 921 1797 proxuma
940 1747 1010 1785 fuit
1029 1758 1112 1786 ante
1137 1748 1234 1786 diem

161 1811 345 1861 colloquio
379 1812 578 1854 decretum,
614 1811 781 1856 Maurus,
814 1812 985 1850 adhibitis
1018 1814 1153 1858 amicis,
1190 1827 1234 1850 ac

162 1876 285 1912 statim
312 1875 503 1911 immutata
532 1873 718 1912 voluntate
752 1876 911 1920 remotis,
945 1877 1080 1914 dicitur
1111 1891 1234 1914 secum

160 1929 237 1989 ipse
269 1938 383 1975 multa
410 1939 612 1989 agitavisse,
639 1937 741 1975 voltu
759 1940 921 1989 corporis
948 1941 1095 1990 pariter,
1122 1950 1234 1991 atquc

160 2003 295 2047 animo,
314 2003 430 2039 varius
453 2017 462 2040 t
498 2016 588 2052 quae
618 2002 768 2047 scilicet,
795 2012 940 2042 tacente
967 2005 1060 2055 ipso,
1088 2004 1234 2042 occulta

162 2068 318 2117 pectoris
333 2066 558 2117 patefecisse.
602 2066 742 2104 Tamen
763 2076 946 2116 postremo
969 2068 1104 2105 Sullam
1119 2082 1234 2105 arces-

162 2132 222 2169 siri
232 2132 352 2183 jubet,
367 2141 405 2169 et
416 2145 460 2168 ex
473 2133 548 2181 ejus
561 2131 737 2168 sententia
752 2131 932 2169 Numidae
946 2132 1089 2171 insidias
1101 2132 1234 2170 tendi&
