1497 2689
149 307 198 342 ‘23
353 301 669 341 SALLUSTII
699 302 1005 341 CATILINA.

153 413 281 452 seditio
300 413 464 452 oriretur.
509 413 576 450 Ab
597 413 651 450 his
670 412 777 466 longe
797 414 949 451 diversas
970 413 1157 464 [litteras]
1173 415 1227 463 Q.

153 479 307 518 Catulus
321 479 356 515 in
371 487 495 515 senatu
511 478 687 522 recitavit,
706 492 794 528 quas
809 479 873 516 sibi
893 479 1033 516 nomine
1053 478 1228 517 Catilinae

155 544 312 582 redditas
332 543 473 580 dicebat
492 557 500 580 :
522 555 642 579 earum
657 542 860 592 exemplum
879 542 971 581 infra
989 543 1175 593 scriptum.

211 672 386 710 XXXV.
417 679 443 698 “
472 671 521 709 L.
545 671 761 712 (ἶΑτιιιΝΑ
784 672 834 720 Q.
857 670 991 709 Catulo
1014 671 1052 708 S.
1111 670 1233 721 Egre-

157 736 218 788 gia
236 744 299 772 tua
317 735 421 779 fides,
449 749 486 772 re
505 735 666 786 cognita,
695 743 835 786 gratam
854 735 889 770 in
908 734 1046 786 magnis
1065 733 1232 784 periculis

164 799 332 838 fiduciam
352 799 654 836 commendationi
672 813 769 836 meae
788 798 928 835 tribuit.
986 799 1233 849 Quamobrem

162 863 405 901 defensionem
424 863 459 899 in
479 876 572 900 novo
593 863 741 900 consilio
762 877 832 899 non
860 863 970 900 stat-ui
998 876 1122 912 parare
1141 877 1151 907 ;
1181 874 1236 899 sa-

161 927 406 965 tisfactionem
433 940 478 963 ex
507 926 604 963 nulla
633 927 853 973 conscientia
885 927 930 964 de
961 926 1071 977 culpa
1098 940 1235 976 propo-

161 1007 242 1030 nere
261 992 416 1036 decrevi,
438 1005 561 1041 quam,
581 1005 636 1028 me
656 991 736 1028 dius
757 992 876 1035 fidius,
904 1005 1022 1028 veram
1040 986 1127 1027 licet
1146 1004 1239 1042 cog-

162 1070 301 1093 noscas.
327 1055 507 1106 >fijai-iis
537 1056 837 1105 contumeliisque
867 1055 1088 1099 concitatus,
1123 1055 1238 1105 quod,

162 1120 287 1157 fmctu
315 1119 448 1156 labotis
478 1119 746 1169 industriaeque
777 1134 874 1156 meae
894 1119 1070 1168 privatus,
1101 1128 1239 1155 statum

163 1183 352 1236 dignitatis
398 1197 469 1219 non
516 1183 740 1227 obtinebam,
795 1183 980 1233 publicam
1026 1183 1238 1220 miserorum

165 1247 327 1286 caussam
354 1261 424 1297 pro
450 1260 528 1283 mea
556 1248 816 1288 consuetudine
845 1247 1015 1297 suscepi:
1051 1261 1123 1283 non
1153 1246 1240 1296 quin

166 1325 225 1349 aes
245 1311 400 1348 alienum
413 1310 501 1347 meis
516 1311 719 1349 nominibus
739 1325 783 1347 ex
804 1311 1090 1360 possessionibus
1105 1309 1242 1346 solvere

167 1390 323 1427 possem,
352 1389 435 1412 cum
454 1375 576 1411 alienis
596 1375 805 1425 nominibus
820 1374 1015 1412 liberalitas
1046 1372 1242 1411 Orestillae

172 1441 243 1478 suis
263 1441 428 1490 filiaeque
448 1439 562 1488 copiis
590 1438 810 1488 persolveret
827 1454 836 1476 ε
868 1439 930 1475 sed
950 1438 1050 1487 quod
1070 1452 1141 1474 non
1163 1438 1246 1488 dig-

168 1519 233 1542 nos
252 1505 414 1542 homines
434 1504 571 1545 honore
586 1503 797 1539 honestatos
812 1501 992 1545 videbam,
1012 1500 1247 1551 meque-falsa

167 1570 373 1620 suspicione
393 1567 588 1605 alienatum
611 1567 821 1604 sentiebam.
881 1566 971 1603 Hoc
997 1566 1140 1602 nomine
1161 1565 1248 1602 satis

168 1623 339 1673 lionestas
359 1648 426 1684 pro
447 1647 528 1669 meo
547 1645 633 1669 casu
654 1645 734 1681 spes
762 1630 919 1680 reliquae
948 1630 1139 1681 dignitatis
1159 1643 1248 1666 con-

169 1699 367 1738 servandae
380 1711 458 1735 sum
478 1706 636 1734 secutus.
695 1696 805 1733 Plura
823 1710 907 1732 curn
928 1696 1084 1733 scribere
1103 1694 1247 1739 vellem,

169 1763 381 1802 nunciatum
412 1770 481 1806 est,
515 1762 588 1798 vim
606 1760 693 1797 mihi
717 1760 846 1810 parari.
904 1760 1014 1798 Nunc
1036 1758 1247 1797 Orestillam

171 1826 400 1870 commendo,
426 1834 583 1875 tuaeque
603 1824 687 1861 fidei
706 1825 836 1862 trado:
867 1838 946 1861 eam
971 1825 1016 1861 ab
1038 1824 1167 1876 injuria
1186 1824 1250 1860 de-

172 1893 310 1937 fendas,
330 1905 395 1942 per
412 1890 544 1928 liberos
563 1898 647 1927 tuos
670 1897 833 1940 rogatus.
892 1888 1087 1937 Haveto.''

229 2019 427 2058 XXXVI.
456 2047 457 2050 ,
486 2019 568 2056 SED
602 2018 693 2068 ipse,
727 2031 864 2067 paucos
897 2017 973 2054 dies
1003 2026 1250 2054 commoratus

175 2085 273 2136 apud
303 2085 349 2122 C.
378 2083 596 2121 Flaminium
628 2081 828 2119 Flammam
853 2082 887 2118 in
919 2081 1033 2132 Agro
1054 2081 1250 2125 Arretino,

176 2151 263 2198 dum
282 2147 516 2191 vicinitatem,
543 2155 647 2184 antea
672 2145 914 2191 sollicitatam,
945 2146 1051 2183 armis
1079 2152 1248 2197 exornat²
