1451 2719
321 298 638 339 SALLUSTII
668 299 819 337 JUGU
829 298 1010 337 RTHA.
1127 302 1200 338 105

170 410 337 450 XLIII.
370 411 482 448 Posr
514 411 606 448 Auli
627 410 769 455 foedus,
798 411 1051 459 exercitusque
1080 409 1193 446 nostri

115 475 260 515 foedam
280 475 420 527 fugam,
441 476 492 525 Q.
520 474 695 512 Metellus
714 486 750 513 et
774 475 830 512 M.
855 475 1009 518 Silanus,
1029 474 1193 511 consules

115 539 308 592 designati,
334 540 583 590 [provincias]
608 540 699 577 inter
723 554 758 577 se
788 549 1026 589 paraverunt:
1058 539 1189 577 Metel·

115 604 225 654 loque
238 603 412 642 Numidia
427 614 605 647 evenerat,
625 604 697 641 acri
714 600 801 648 6iro,
821 613 872 647 et,
893 617 1111 653 quamquam
1131 604 1195 640 ad-

115 682 223 705 vorso
242 667 368 718 populi
389 668 560 717 partium,
581 667 675 704 fama
690 677 807 704 tamen
828 667 1006 717 aequabili
1025 678 1062 704 et
1081 667 1195 704 invio-

115 732 202 770 lata.
281 733 331 776 Is,
360 732 421 768 ubi
450 732 604 782 primum
633 732 886 783 magistratum
915 732 1096 783 ingressus
1123 741 1193 775 est,

117 796 184 834 alia
203 797 321 834 omnia
341 796 408 833 sibi
428 810 511 833 cum
532 796 686 847 collega,
708 805 820 840 ratus,
849 796 894 832 ad
917 795 1065 840 bellum,
1095 796 1196 845 quod

117 871 289 913 gesturus
316 871 407 904 erat,
441 861 598 897 animum
631 860 798 897 intendit.
860 860 995 911 Igitur,
1028 859 1195 897 diffidens

118 926 230 963 veteri
258 925 446 968 exercitui,
476 923 606 960 milites
637 924 805 967 scribere,
835 923 1008 973 praesidia
1037 924 1196 974 undique

117 1003 295 1027 arcessere
313 1004 322 1026 ε
353 1002 462 1032 arma,
483 987 567 1030 tela,
586 1002 715 1037 equos,
735 997 855 1025 cetera
874 989 1112 1025 instrumenta
1132 989 1197 1025 mi-

118 1053 217 1091 litiae
236 1066 361 1103 parare
379 1068 388 1090 ε
419 1052 464 1088 ad
485 1052 555 1088 hoc
576 1062 819 1089 commeatum
847 1053 982 1089 affatim
1001 1068 1010 1090 ε
1041 1053 1196 1104 denique

119 1117 253 1161 omnia,
281 1129 372 1166 quae
391 1116 487 1152 bello
506 1116 617 1159 vario,
646 1126 682 1153 et
703 1115 896 1153 multarum
917 1131 1032 1154 rerum
1059 1118 1197 1169 egenti,
1215 1142 1222 1144 ἡ

120 1181 202 1218 usui
233 1194 309 1217 esse
338 1179 466 1216 solent.
525 1180 700 1217 Ceterum
729 1181 773 1216 ad
801 1194 843 1217 ea
875 1181 1051 1230 patranda
1084 1181 1196 1218 senati

120 1244 340 1283 auctoritate
368 1244 456 1280 socii
489 1257 692 1293 nomenque
727 1244 916 1289 Latinum,
950 1259 1054 1296 reges
1087 1246 1199 1290 ultr0‚

121 1309 253 1348 auxilia
271 1309 414 1346 mittere
433 1323 442 1345 ε
473 1317 659 1358 postremo
679 1310 795 1346 omnis
814 1309 941 1347 civitas
962 1324 1103 1348 summo
1124 1321 1202 1348 stu-

121 1374 183 1412 dio
197 1373 439 1410 adnitebatur.
489 1373 635 1422 Itaque,
654 1387 698 1410 ex
715 1375 892 1412 sententia
907 1375 1074 1413 omnibus
1091 1376 1198 1413 rebus

122 1438 258 1490 paratis
287 1436 586 1487 compositisque,
623 1437 658 1472 in
698 1438 909 1476 Numidiam
942 1440 1201 1489 proficiscitur,

123 1515 256 1554 magna
289 1515 351 1552 spe
383 1501 528 1544 civium,
562 1514 644 1537 cum
677 1512 829 1552 propter
855 1503 967 1540 bonas
995 1504 1094 1548 artis,
1123 1517 1203 1542 tum

124 1579 305 1611 maxume,
339 1565 438 1615 quod
471 1565 662 1601 advorsum
695 1565 834 1602 divitias
853 1567 1010 1604 animum
1029 1568 1203 1605 invictum

125 1632 304 1683 gerebat;
324 1639 362 1667 et
381 1629 528 1666 avaritia
548 1630 825 1680 magistratuum
846 1639 928 1668 ante
949 1631 985 1668 id
1005 1641 1148 1682 tempus
1167 1633 1202 1669 in

127 1695 302 1734 Numidia
321 1703 463 1731 nostrae
483 1707 571 1744 opes
591 1702 778 1738 contusae,
807 1694 1042 1745 hostiumque
1074 1706 1203 1734 auctae

126 1769 241 1798 erant.

184 1887 341 1926 XLIV.
375 1888 470 1931 SED,
500 1886 561 1923 ubi
579 1886 614 1922 in
642 1885 814 1923 Africam
835 1887 944 1932 venit,
973 1887 1154 1926 exercitus
1172 1889 1206 1926 ei

129 1953 287 1991 traditur
308 1952 374 2002 Sp.
396 1950 529 1989 Albini
549 1964 617 2000 pro
637 1950 798 1994 consule,
825 1952 931 1996 iners,
950 1952 1117 1997 imbellis,
1146 1967 1208 1990 ne-

131 2032 204 2069 que
222 2017 374 2068 periculi
388 2030 504 2066 neque
523 2015 655 2053 laboris
675 2015 828 2065 patiens,
847 2015 985 2068 lingua,
1006 2030 1114 2067 quam
1134 2031 1209 2054 ma-

134 2097 197 2128 nu,
229 2082 420 2134 promtior,
453 2080 648 2131 praedator
674 2094 718 2116 ex
750 2079 868 2124 sociis,
902 2089 939 2118 et
966 2081 1042 2131 ipse
1075 2083 1208 2131 praeda

134 2147 308 2193 hostium,
329 2147 402 2185 sine
421 2144 572 2196 imperio
591 2151 629 2181 et
649 2144 826 2182 modestia
846 2144 1005 2182 habitus.
1065 2146 1125 2183 Ita
1143 2146 1210 2182 im-

673 2207 710 2245 O
