1497 2689
262 293 341 329 200
424 287 738 328 SALLUSTII
769 288 1160 329 FRAGMENTA.

259 416 302 439 ne
322 402 502 439 frumento
522 411 559 438 et
575 401 756 450 stipendio
770 400 901 438 habere
917 402 1045 451 posse?
1079 400 1264 451 Equidem
1278 399 1333 440 fa-

258 476 337 504 teor
356 481 411 503 me
430 467 475 504 ad
495 466 565 502 hoe
584 464 719 502 bellum
739 466 871 516 majore
891 465 1025 509 studio,
1044 479 1151 515 quam
1167 464 1330 509 consilio,

255 530 462 580 profectum
482 545 490 568 :
523 529 657 580 quippe
677 529 753 578 qui,
782 528 925 565 nomine
944 529 1052 566 modo
1071 529 1210 578 imperii
1227 543 1248 566 a
1267 543 1331 565 vo-

255 595 311 631 bis
329 604 496 644 accepto,
524 593 651 630 diebus
681 592 920 644 quadraginta
949 593 1148 630 exercitum
1176 593 1325 644 paravi3

254 659 455 709 hostisque,
487 659 521 695 in
544 657 741 695 cervicibus
755 659 829 708 jam
852 655 976 692 Italiae
997 664 1158 707 agentes,
1190 658 1234 694 ab
1255 656 1332 697 Al·-

254 724 361 773 pibus
381 724 414 759 in
438 722 655 772 Hispaniam
676 720 864 757 summovi.
923 721 993 758 Per
1023 733 1080 761 eas
1113 720 1181 757 iter
1215 720 1326 764 aliud,

254 796 363 836 atque
385 785 587 829 Hannibal,
616 784 718 821 nobis
738 784 994 834 opportunius,
1014 783 1182 833 patefeci.
1253 785 1330 823 Re-

253 851 333 900 cepi
367 849 538 893 Galliam,
569 850 808 899 Pyrenaeum,
848 847 1089 891 Laletaniam,
1119 848 1327 898 Indigetis:

252 925 289 952 et
323 915 479 964 primum
512 914 688 963 impetum
719 912 870 951 Sertorii
903 912 1050 950 victoris
1079 913 1180 949 novis
1207 913 1329 950 militi-

254 980 335 1022 bus,
364 988 400 1015 et
421 977 536 1014 multo
557 976 805 1027 paucioribus,
834 976 986 1013 sustinui
1005 991 1014 1014 :
1045 976 1272 1028 hiememque
1291 977 1328 1014 in

253 1043 380 1079 castris
411 1042 505 1078 inter
535 1041 768 1077 saevissumos
800 1040 937 1084 hostes,
978 1054 1049 1076 non
1082 1054 1149 1090 per
1175 1041 1328 1090 oppida,

251 1122 368 1158 neque
387 1121 431 1145 ex
461 1107 656 1144 ambitione
677 1118 768 1150 mea,
800 1106 873 1157 egi.
930 1105 1033 1156 Quid
1065 1106 1147 1142 dein
1176 1105 1326 1155 proelia,

250 1182 313 1208 aut
332 1171 580 1221 expeditiones
599 1171 778 1214 hibernas,
807 1169 942 1219 oppida
957 1169 1089 1212 excisa,
1118 1177 1180 1205 aut
1201 1183 1325 1219 recep.

251 1245 302 1279 ta,
322 1250 526 1272 enumerem
543 1236 556 1273 ἓ
585 1234 728 1286 quando
749 1247 804 1270 res
822 1232 904 1283 plus
924 1232 1032 1276 valet,
1067 1246 1174 1282 quam
1203 1234 1324 1270 verba.

251 1299 383 1337 Castra
402 1299 562 1336 hostium
581 1299 679 1348 apud
701 1299 901 1335 Sucronem
929 1305 1050 1346 capta,
1078 1305 1115 1333 et
1144 1297 1326 1346 proelium

249 1363 347 1413 apud
376 1363 506 1400 flumen
551 1362 725 1405 Durium,
763 1370 802 1399 et
835 1362 909 1398 dux
948 1360 1121 1404 hostium,
1164 1360 1209 1399 C.
1244 1360 1328 1398 He-

253 1427 408 1471 rennius,
437 1441 521 1463 cum
541 1427 629 1464 urbe
649 1425 818 1463 Valentia
845 1433 882 1461 et
902 1424 1077 1468 exercitu,
1097 1423 1220 1468 deleti,
1240 1424 1334 1465 satis?

251 1490 347 1528 clara
361 1491 462 1527 vobis
476 1501 558 1527 sunt
574 1505 583 1528 z
605 1503 672 1539 pro
686 1491 781 1539 quis,
800 1488 825 1525 ὃ
846 1488 942 1540 grati
960 1497 1080 1538 patres
1098 1490 1107 1525 Ξ
1125 1496 1326 1538 egestatem

249 1565 287 1592 et
307 1554 438 1592 famem
458 1554 619 1592 redditis.
662 1555 792 1603 Itaque
812 1567 893 1590 meo
912 1562 949 1590 et
969 1552 1130 1590 hostium
1147 1553 1325 1591 exercitui

250 1632 315 1669 par
333 1618 496 1655 conditio
516 1628 584 1656 est.
634 1618 803 1667 Namque
818 1616 1037 1667 stipendium
1053 1616 1170 1654 neutri
1190 1616 1297 1654 datur
1310 1636 1322 1660 :

248 1686 366 1723 victor
384 1694 536 1735 uterque
555 1685 591 1721 in
623 1684 765 1722 Italiam
784 1684 902 1721 venire
921 1692 1057 1734 potest.
1115 1683 1230 1734 Quod
1249 1697 1322 1735 ego

249 1765 312 1788 vos
332 1765 461 1788 moneo
483 1763 688 1800 quaesoque
708 1758 750 1786 ut
770 1748 1090 1793 animadvortatis;
1124 1761 1194 1785 neu
1213 1761 1325 1799 coga-
1370 1762 1377 1768 ·

249 1816 296 1852 tis
314 1814 587 1852 necessitatibus
615 1812 783 1863 privatim
809 1812 897 1849 mihi
925 1811 1124 1849 consulere.
1182 1811 1324 1862 Hispa-

249 1879 344 1915 niam
373 1878 589 1921 citeriorem,
618 1890 709 1927 quae
729 1890 799 1913 non
819 1876 864 1913 ab
884 1876 1051 1913 hostibus
1070 1878 1228 1919 tenetur,
1257 1889 1323 1912 nos

250 1952 314 1980 aut
336 1943 517 1980 sonorius
548 1942 593 1978 ad
623 1939 903 1978 internecionem
923 1939 1151 1984 vastavimus,
1179 1947 1325 1989 praeter

251 2006 456 2043 maritumas
468 2006 644 2049 civitates,
658 2018 748 2056 quae
764 2003 860 2041 ultro
873 2003 976 2040 nobis
989 2002 1122 2040 sumtui
1135 2002 1320 2052 onerique.

252 2070 374 2110 Gallia
405 2069 585 2120 superiore
618 2083 710 2106 anno
739 2067 883 2106 Metelli
913 2066 1111 2105 exercitum
1140 2065 1322 2116 stipendio

252 2135 504 2186 frumentoque
523 2134 613 2173 aluit
628 2149 641 2175 ς
669 2142 707 2174 et
727 2146 821 2174 nunc
846 2130 947 2171 malis
965 2130 1146 2170 fructibus
1163 2130 1242 2183 ipsa
1259 2129 1320 2168 vix
