1451 2719
308 305 620 362 SALLUSTII
652 319 994 358 JUGURTHA.
1135 321 1184 358 75

104 433 205 474 sbi-ez
235 433 326 471 alter
343 447 467 471 eorum
488 442 648 476 necatus,
676 432 820 468 alterius
853 431 928 480 ipse
950 443 1022 480 ego
1054 442 1176 466 manus

104 498 226 548 impias
245 498 303 534 vix
336 496 461 548 effugi.
520 497 622 545 Quid
654 509 759 546 agam
777 496 789 532 ?
831 508 904 544 quo
936 493 1175 543 potissumum

102 561 226 599 infelix
246 562 414 599 accedam
433 561 446 597 ?
493 560 647 598 Generis
671 559 843 609 praesidia
861 557 979 594 omnia
996 556 1176 593 exstincta

104 636 187 664 sunt
205 641 215 663 ε
259 634 375 675 pater,
417 624 470 660 uti
491 638 630 661 necesse
663 633 752 668 erat,
795 632 940 660 naturae
972 621 1173 658 concessit:

106 689 221 733 fratri,
254 703 361 739 quem
381 688 534 724 minume
554 687 690 730 decuit,
723 687 946 737 propinquus
975 699 1040 735 per
1062 684 1176 722 scelus

105 753 213 790 vitam
232 752 363 803 eripuit
382 767 391 789 ε
422 751 569 795 adfines,
597 751 744 795 amicos,
777 750 1001 800 propinquos
1020 757 1174 792 ceteros,

102 816 210 854 alium
229 816 296 853 alia
315 815 434 853 clades
453 815 633 865 oppressit
651 831 660 853 ι
691 815 789 865 capti
808 816 852 852 ab
873 813 1070 866 Jugurtha‚
1094 827 1176 863 pars

102 881 136 917 in
156 894 300 918 crucem
319 880 404 923 acti,
433 893 513 929 pars
545 880 668 916 bestiis
700 880 863 931 objecti3
897 879 1016 929 pauci,
1045 879 1175 928 quibus

103 944 227 985 relicta
255 944 384 987 anima,
411 943 588 995 clausibin
621 945 791 988 tenebris,
829 958 912 981 cum
945 944 1106 980 moerore
1138 952 1176 980 et

101 1008 218 1052 luctu,
246 1016 362 1062 morte
390 1007 590 1058 graviorem
609 1008 718 1044 vitam
749 1008 913 1058 exigunt.
973 1008 1012 1045 Si
1044 1007 1175 1052 omnia,

101 1086 193 1123 quae
211 1081 274 1109 aut
293 1071 406 1115 amisi,
426 1080 489 1107 aut
508 1085 552 1108 ex
568 1072 774 1109 necessariis
794 1073 944 1109 advorsa
962 1071 1058 1108 facta
1077 1081 1174 1116 sunt,

100 1137 293 1174 incolumia
313 1145 508 1179 manerent,
536 1145 670 1180 tamen,
691 1136 718 1172 si
734 1136 822 1186 quid
840 1149 884 1173 ex
904 1136 1096 1186 improviso
1116 1149 1176 1173 ac-

100 1201 261 1244 cidisset,
289 1213 352 1237 vos
371 1198 612 1248 implorarem,
644 1200 769 1237 Patres
788 1200 999 1249 conscripti,
1028 1200 1173 1250 quibus,

101 1280 167 1316 pro
186 1263 436 1316 magnitudine
450 1262 601 1312 imperii,
625 1266 684 1315 jus
703 1273 740 1301 et
759 1264 901 1316 injurias
930 1264 1044 1301 omnis
1069 1279 1174 1302 curae

100 1343 176 1367 esse
196 1328 314 1366 decet.
372 1327 481 1365 Nunc
502 1341 598 1371 vero,
629 1327 731 1364 exsul
750 1329 879 1378 patria,
908 1329 1031 1373 domo,
1065 1329 1175 1367 solus,

100 1402 139 1430 et
157 1392 316 1429 omnium
335 1391 567 1432 honestarum
596 1405 714 1428 rerum
732 1406 856 1444 egens,
886 1407 959 1443 quo
992 1394 1175 1436 accedam,

103 1467 166 1502 aut
185 1464 277 1506 quos
295 1454 472 1504 adpellem
487 1456 499 1492 ἓ
527 1455 749 1501 nationesne,
777 1471 820 1494 an
836 1471 952 1509 reges,
973 1458 1036 1507 qui
1054 1472 1176 1495 omnes

103 1520 255 1562 familiae
275 1528 418 1556 nostrae
435 1520 484 1556 ob
517 1526 671 1557 vestram
694 1522 886 1559 amicitiam
911 1521 1032 1559 infesti
1065 1524 1178 1560 sunt?

105 1584 169 1622 An
186 1592 370 1640 quoquam
389 1582 485 1620 adire
514 1582 613 1628 licet,
643 1585 704 1621 ubi
724 1599 794 1622 non
825 1588 998 1637 majorum
1017 1600 1177 1623 meorum

105 1647 250 1685 hostilia
269 1655 502 1683 monumenta
530 1647 711 1697 plurima?
749 1658 811 1686 aut
844 1649 1033 1700 quisquam
1066 1651 1178 1688 nostri

107 1711 263 1749 misereri
295 1719 432 1760 potest,
475 1712 537 1760 qui
570 1711 762 1762 aliquando
799 1714 900 1750 vobis
932 1714 1047 1751 hostis
1079 1713 1180 1753 fuit?

106 1777 296 1830 Postremo
339 1775 527 1813 Masinissa
557 1790 622 1813 nos
654 1777 705 1813 ita
733 1777 904 1822 instituit,
934 1779 1060 1815 Patres
1091 1792 1179 1816 con-

104 1841 243 1892 scripti,
263 1855 306 1878 ne
320 1854 428 1891 quem
443 1840 654 1884 coleremus,
675 1841 739 1878 nisi
759 1841 935 1892 populum
959 1843 1177 1889 Romanum,

103 1921 147 1945 ne
165 1906 370 1949 societates,
398 1919 441 1942 ne
460 1905 606 1943 foedera
625 1919 715 1942 nova
734 1907 976 1956 acciperemus
992 1922 1000 1944 :
1031 1908 1174 1946 abunde

105 1984 237 2023 magna
254 1971 430 2021 praesidia
449 1970 552 2006 nobis
570 1970 605 2006 in
621 1979 736 2007 vestra
756 1970 912 2007 amicitia
924 1969 1002 2008 fore
1018 1986 1026 2009 :
1049 1972 1076 2008 si
1091 1972 1176 2009 huic

105 2035 256 2085 imperio
289 2034 436 2072 fortuna
469 2042 682 2077 mutaretur,
712 2047 780 2070 una
808 2033 911 2071 nobis
939 2035 1178 2073 occidendum

105 2112 194 2141 esse.
251 2099 401 2136 Virtute
420 2112 462 2135 ac
483 2098 538 2136 dis
559 2097 762 2135 volentibus
781 2099 903 2149 magni
922 2099 1007 2136 estis
1030 2108 1067 2136 et
1086 2114 1179 2150 opu-

104 2162 192 2201 lenti
208 2163 367 2201 somnia
387 2163 544 2200 secunda
563 2171 599 2199 et
633 2163 839 2199 obedientia
859 2172 940 2200 sunt
959 2179 968 2201 :
1000 2178 1073 2214 quo
1094 2164 1181 2202 faci-

603 2225 693 2263 KQ
