1497 2689
238 295 313 332 122
430 294 745 336 SALLUSTII
775 299 1117 339 JUGURTHA.

236 406 359 443 visere.
430 408 489 444 Ita
517 407 583 444 illis
618 409 738 446 studio
767 424 911 448 suorum
939 413 1133 457 adstrictis,
1162 422 1309 463 repente

238 484 369 522 magna
388 471 421 506 vi
439 485 579 508 murum
600 473 836 523 adgreditur:
866 485 902 512 et
926 467 1011 528 jam,
1041 477 1143 514 scalis
1161 477 1309 528 egressi,

238 535 368 572 milites
399 550 512 586 prope
541 551 677 573 summa
708 548 890 588 ceperant,
917 554 1001 576 cum
1028 540 1198 590 oppidani
1223 554 1311 577 con-

239 610 403 645 currunt,
425 601 574 651 lapides,
594 602 728 653 ignem,
749 602 815 639 alia
834 613 1016 652 praeterea
1034 605 1106 641 tela
1125 605 1307 656 ingerunt.

240 665 368 703 Nostri
389 665 504 715 primo
525 665 710 703 resistere:
741 666 881 710 deinde,
902 668 963 704 ubi
983 682 1073 705 unae
1092 678 1201 718 atque
1221 667 1311 704 alte-

238 743 296 765 rae
325 729 438 766 scalae
467 729 721 773 comminutae,
755 731 817 779 qui
846 740 1140 780 supersteterant,
1172 731 1311 768 adflicti

239 803 350 838 sunt3
380 793 503 837 ceteri,
533 808 682 843 quoquo
703 795 811 831 modo
832 804 997 844 potuere,
1027 797 1133 845 pauci
1161 795 1310 846 integri,

238 873 368 910 magna
398 872 479 908 pars
502 858 661 895 confecti
682 858 898 904 volneribus,
929 862 1075 898 abeunt.
1135 861 1309 910 Denique

235 925 418 973 utrimque
444 923 622 973 proelium
641 938 713 960 nox
734 924 889 962 diremit.

291 1053 407 1091 LXI.
431 1053 688 1096 METELLUS,
709 1063 905 1103 postquam
920 1053 1017 1091 videt
1037 1053 1170 1095 frustra
1188 1053 1313 1104 incep-

234 1127 327 1161 tum,
347 1131 462 1167 neque
483 1117 658 1166 oppidum
679 1118 773 1167 capi,
794 1133 909 1167 neque
928 1120 1164 1170 Jugurtham,
1185 1119 1249 1155 nisi
1263 1133 1308 1156 ex

232 1181 380 1224 insidiis,
401 1191 463 1217 aut
480 1195 544 1217 suo
558 1180 655 1224 loco,
670 1195 831 1231 pugnam
846 1181 977 1226 facere,
993 1191 1029 1218 et
1045 1185 1119 1234 jam
1133 1192 1307 1219 aestatem

233 1254 399 1283 exactam
421 1260 509 1289 esse,
541 1246 584 1281 ab
614 1246 730 1282 Zama
749 1245 900 1282 discedit
919 1261 929 1290 ς
959 1256 995 1282 et
1015 1247 1049 1282 in
1070 1247 1124 1283 his
1144 1247 1308 1291 urbibus,

235 1326 326 1362 quae
359 1312 405 1348 ad
438 1326 473 1348 se
507 1310 728 1354 defecerant,
761 1310 918 1360 satisque
947 1311 1105 1347 munitae
1133 1311 1215 1348 loco
1247 1319 1310 1348 aut

234 1376 421 1413 moenibus
450 1385 564 1419 erant,
593 1375 768 1424 praesidia
793 1375 959 1424 imponit.
1016 1376 1190 1412 Ceterum
1209 1390 1311 1412 exer-

232 1441 346 1478 citum
365 1440 399 1476 in
428 1440 647 1489 provinciam
672 1443 786 1488 [quae
810 1453 987 1488 proxuma
1006 1448 1060 1476 est
1088 1439 1304 1488 Numidiae]

233 1504 413 1542 hiemandi
434 1503 550 1554 gratia
571 1503 741 1540 collocat.
800 1504 930 1553 Neque
950 1503 987 1539 id
1005 1512 1162 1553 tempus,
1183 1518 1227 1540 ex
1248 1503 1311 1539 ali-

233 1583 337 1606 orum
358 1582 469 1612 more,
491 1567 604 1617 quieti
624 1576 687 1603 aut
706 1566 867 1604 luxuriae
888 1568 1056 1605 concedit
1074 1583 1084 1612 3
1114 1568 1189 1611 sed,
1218 1582 1312 1617 quo-

231 1635 324 1671 niam
355 1634 459 1670 armis
487 1632 623 1669 bellum
651 1646 776 1681 parum
804 1632 1040 1681 procedebat,
1068 1632 1211 1668 insidias
1230 1633 1308 1683 regi

231 1714 296 1749 per
315 1698 447 1734 amicos
467 1697 628 1740 tendere,
654 1705 691 1733 et
712 1710 837 1732 eorum
856 1696 1005 1745 perfidia
1028 1710 1095 1745 pro
1114 1695 1220 1732 armis
1239 1696 1308 1739 uti,

231 1774 346 1815 parat.
406 1763 529 1814 Igitur
551 1761 804 1804 Bomilcarem,
825 1760 886 1810 qui
910 1761 1049 1797 Romae
1069 1774 1153 1797 cum
1172 1761 1310 1811 Jugur-

232 1831 296 1867 tha
316 1829 446 1871 fuerat,
466 1837 502 1864 et
523 1827 619 1869 inde,
640 1825 790 1862 vadibus
809 1825 916 1868 datis,
944 1824 1036 1861 clam
1065 1824 1243 1861 Massivae
1263 1825 1308 1861 de

231 1909 318 1931 nece
344 1893 521 1944 judicium
541 1891 701 1942 fugerat,
731 1889 830 1939 quod
854 1889 886 1926 ei
914 1903 979 1939 per
998 1903 1203 1926 maxumam
1223 1889 1309 1925 ami-

232 1959 354 1996 citiam
374 1969 540 1992 maxuma
560 1955 666 2004 copia
685 1952 831 1990 fallendi
859 1962 949 1997 erat,
978 1952 1100 1989 multis
1128 1952 1309 2002 pollicita-

230 2023 391 2061 tionibus
410 2020 623 2072 adgreditur
640 2034 650 2063 ;
679 2033 720 2055 ac
741 2017 857 2067 primo
887 2016 1011 2061 efficit,
1040 2017 1094 2054 uti
1113 2017 1157 2053 ad
1179 2030 1215 2053 se
1234 2016 1310 2053 col-

230 2087 402 2138 loquendi
431 2085 547 2136 gratia
576 2083 742 2120 occultus
762 2081 905 2118 veniat:
935 2081 1030 2123 dein,
1060 2080 1130 2117 fide
1150 2080 1249 2124 data,
1278 2080 1310 2117 si

231 2150 453 2204 ,Iugurtham
473 2149 592 2186 vivum
611 2156 675 2185 aut
703 2154 871 2184 necatum
898 2145 1118 2190 tradidisset,
1145 2143 1237 2190 fore,
1265 2153 1311 2183 ut
